<?xml version="1.0" encoding="UTF-8"?>
<!DOCTYPE html PUBLIC "-//W3C//DTD XHTML 1.0 Transitional//EN"
    "http://www.w3.org/TR/xhtml1/DTD/xhtml1-transitional.dtd">
<html xmlns="http://www.w3.org/1999/xhtml" xml:lang="en" lang="en">
 <head>
  <title>
</title>
<meta http-equiv="Content-Type" content="text/html;charset=utf-8" />
  <meta name='ocr-system' content='tesseract 3.04.00' />
  <meta name='ocr-capabilities' content='ocr_page ocr_carea ocr_par ocr_line ocrx_word'/>
</head>
<body>
  <div class='ocr_page' id='page_1' title='image "./caeliirufietcic00surigoog_0208.png"; bbox 0 0 2978 5186; ppageno 0'>
   <div class='ocr_carea' id='block_1_1' title="bbox 633 345 694 446">
    <p class='ocr_par' dir='ltr' id='par_1_1' title="bbox 633 345 694 446">
     <span class='ocr_line' id='line_1_1' title="bbox 633 345 694 446; baseline 0.016 -3"><span class='ocrx_word' id='word_1_1' title='bbox 633 345 694 446; x_wconf 75' lang='lat' dir='ltr'><strong>eol</strong></span> 
     </span>
    </p>
   </div>
   <div class='ocr_carea' id='block_1_2' title="bbox 128 580 1235 882">
    <p class='ocr_par' dir='ltr' id='par_1_2' title="bbox 128 580 1235 882">
     <span class='ocr_line' id='line_1_2' title="bbox 174 580 1199 672; baseline -0.009 -21"><span class='ocrx_word' id='word_1_2' title='bbox 174 609 352 672; x_wconf 75' lang='lat' dir='ltr'><strong>mognnrn</strong></span> <span class='ocrx_word' id='word_1_3' title='bbox 372 580 637 652; x_wconf 57' lang='lat' dir='ltr'><strong>stercorandum</strong></span> <span class='ocrx_word' id='word_1_4' title='bbox 655 588 933 668; x_wconf 71' lang='lat' dir='ltr'><strong>spectaculum.</strong></span> <span class='ocrx_word' id='word_1_5' title='bbox 974 591 1102 657; x_wconf 74' lang='lat' dir='ltr'><strong>Nullum</strong></span> <span class='ocrx_word' id='word_1_6' title='bbox 1118 595 1199 658; x_wconf 60' lang='lat' dir='ltr'><strong>inte,</strong></span> 
     </span>
     <span class='ocr_line' id='line_1_3' title="bbox 128 692 1202 774; baseline -0.007 -14"><span class='ocrx_word' id='word_1_7' title='bbox 128 699 219 760; x_wconf 78' lang='lat' dir='ltr'><strong>circs</strong></span> <span class='ocrx_word' id='word_1_8' title='bbox 244 692 415 756; x_wconf 88' lang='lat' dir='ltr'><strong>iucundum</strong></span> <span class='ocrx_word' id='word_1_9' title='bbox 443 693 524 752; x_wconf 89' lang='lat' dir='ltr'><strong>bono</strong></span> <span class='ocrx_word' id='word_1_10' title='bbox 551 695 618 754; x_wconf 77' lang='lat' dir='ltr'><strong>viro</strong></span> <span class='ocrx_word' id='word_1_11' title='bbox 637 705 789 754; x_wconf 85' lang='lat' dir='ltr'><strong>certamen</strong></span> <span class='ocrx_word' id='word_1_12' title='bbox 810 713 875 756; x_wconf 84' lang='lat' dir='ltr'><strong>esee</strong></span> <span class='ocrx_word' id='word_1_13' title='bbox 892 703 1006 774; x_wconf 82' lang='lat' dir='ltr'><strong>potest,</strong></span> <span class='ocrx_word' id='word_1_14' title='bbox 1026 697 1076 760; x_wconf 79' lang='lat' dir='ltr'><strong>vel</strong></span> <span class='ocrx_word' id='word_1_15' title='bbox 1091 701 1118 760; x_wconf 76' lang='lat' dir='ltr'><strong>ei</strong></span> <span class='ocrx_word' id='word_1_16' title='bbox 1134 703 1202 762; x_wconf 67' lang='lat' dir='ltr'><strong>eine</strong></span> 
     </span>
     <span class='ocr_line' id='line_1_4' title="bbox 128 797 1235 882; baseline -0.008 -17"><span class='ocrx_word' id='word_1_17' title='bbox 128 802 274 882; x_wconf 81' lang='lat' dir='ltr'><strong>periculo</strong></span> <span class='ocrx_word' id='word_1_18' title='bbox 294 801 342 860; x_wconf 85' lang='lat' dir='ltr'><strong>eit.</strong></span> <span class='ocrx_word' id='word_1_19' title='bbox 384 797 600 880; x_wconf 71' lang='lat' dir='ltr'><strong>Sed‘lcquitur</strong></span> <span class='ocrx_word' id='word_1_20' title='bbox 614 800 734 860; x_wconf 84' lang='lat' dir='ltr'><strong>Coelius</strong></span> <span class='ocrx_word' id='word_1_21' title='bbox 752 819 789 860; x_wconf 86' lang='lat' dir='ltr'><strong>ex</strong></span> <span class='ocrx_word' id='word_1_22' title='bbox 804 802 928 880; x_wconf 79' lang='lat' dir='ltr'><strong>ingenio</strong></span> <span class='ocrx_word' id='word_1_23' title='bbox 945 820 1008 862; x_wconf 89' lang='lat' dir='ltr'><strong>suo.</strong></span> <span class='ocrx_word' id='word_1_24' title='bbox 1098 803 1201 867; x_wconf 56' lang='lat' dir='ltr'><strong>llum</strong></span> <span class='ocrx_word' id='word_1_25' title='bbox 1233 839 1235 844; x_wconf 88' lang='lat'>-</span> 
     </span>
    </p>
   </div>
   <div class='ocr_carea' id='block_1_3' title="bbox 579 1007 773 1042">
    <p class='ocr_par' dir='ltr' id='par_1_3' title="bbox 579 1007 773 1042">
     <span class='ocr_line' id='line_1_5' title="bbox 579 1007 773 1042; baseline -0.021 -7"><span class='ocrx_word' id='word_1_26' title='bbox 579 1007 773 1042; x_wconf 52' lang='grc' dir='ltr'>ψ</span> 
     </span>
    </p>
   </div>
   <div class='ocr_carea' id='block_1_4' title="bbox 425 1161 912 1232">
    <p class='ocr_par' dir='ltr' id='par_1_4' title="bbox 425 1161 912 1232">
     <span class='ocr_line' id='line_1_6' title="bbox 425 1161 912 1232; baseline 0.008 -12"><span class='ocrx_word' id='word_1_27' title='bbox 425 1161 647 1232; x_wconf 65' lang='lat' dir='ltr'><strong>leuen.</strong></span> <span class='ocrx_word' id='word_1_28' title='bbox 701 1161 912 1224; x_wconf 81' lang='lat' dir='ltr'><strong>xxm.</strong></span> 
     </span>
    </p>
   </div>
   <div class='ocr_carea' id='block_1_5' title="bbox 92 1343 1274 4470">
    <p class='ocr_par' dir='ltr' id='par_1_5' title="bbox 92 1343 1274 4470">
     <span class='ocr_line' id='line_1_7' title="bbox 177 1343 1205 1424; baseline 0.005 -20"><span class='ocrx_word' id='word_1_29' title='bbox 177 1345 281 1404; x_wconf 82' lang='lat' dir='ltr'><strong>Totius</strong></span> <span class='ocrx_word' id='word_1_30' title='bbox 319 1344 464 1424; x_wconf 87' lang='lat' dir='ltr'><strong>epistolae</strong></span> <span class='ocrx_word' id='word_1_31' title='bbox 499 1345 582 1404; x_wconf 88' lang='lat' dir='ltr'><strong>color</strong></span> <span class='ocrx_word' id='word_1_32' title='bbox 615 1343 801 1404; x_wconf 85' lang='lat' dir='ltr'><strong>hilaritatem</strong></span> <span class='ocrx_word' id='word_1_33' title='bbox 828 1343 968 1422; x_wconf 88' lang='lat' dir='ltr'><strong>praebet,</strong></span> <span class='ocrx_word' id='word_1_34' title='bbox 999 1345 1082 1424; x_wconf 87' lang='lat' dir='ltr'><strong>quod</strong></span> <span class='ocrx_word' id='word_1_35' title='bbox 1110 1347 1143 1406; x_wconf 89' lang='lat' dir='ltr'><strong>in</strong></span> <span class='ocrx_word' id='word_1_36' title='bbox 1171 1369 1205 1410; x_wconf 87' lang='lat' dir='ltr'><strong>re</strong></span> 
     </span>
     <span class='ocr_line' id='line_1_8' title="bbox 92 1447 1235 1529; baseline 0.004 -21"><span class='ocrx_word' id='word_1_37' title='bbox 92 1511 97 1518; x_wconf 71' lang='grc'><em>,</em></span> <span class='ocrx_word' id='word_1_38' title='bbox 132 1458 202 1508; x_wconf 82' lang='lat' dir='ltr'><strong>tam</strong></span> <span class='ocrx_word' id='word_1_39' title='bbox 231 1450 342 1508; x_wconf 85' lang='lat' dir='ltr'><strong>misera</strong></span> <span class='ocrx_word' id='word_1_40' title='bbox 369 1479 410 1496; x_wconf 89' lang='lat'>-</span> <span class='ocrx_word' id='word_1_41' title='bbox 439 1467 511 1509; x_wconf 90' lang='lat' dir='ltr'><strong>cum</strong></span> <span class='ocrx_word' id='word_1_42' title='bbox 533 1448 646 1526; x_wconf 84' lang='lat' dir='ltr'><strong>scripta</strong></span> <span class='ocrx_word' id='word_1_43' title='bbox 677 1447 752 1506; x_wconf 83' lang='lat' dir='ltr'><strong>haec</strong></span> <span class='ocrx_word' id='word_1_44' title='bbox 776 1448 838 1506; x_wconf 85' lang='lat' dir='ltr'><strong>siut</strong></span> <span class='ocrx_word' id='word_1_45' title='bbox 865 1448 904 1508; x_wconf 88' lang='lat' dir='ltr'><strong>ad</strong></span> <span class='ocrx_word' id='word_1_46' title='bbox 934 1450 1088 1529; x_wconf 82' lang='lat' dir='ltr'><strong>hominem</strong></span> <span class='ocrx_word' id='word_1_47' title='bbox 1119 1453 1205 1513; x_wconf 89' lang='lat' dir='ltr'><strong>Pom·</strong></span> <span class='ocrx_word' id='word_1_48' title='bbox 1232 1463 1235 1468; x_wconf 84' lang='grc'><strong>’</strong></span> 
     </span>
     <span class='ocr_line' id='line_1_9' title="bbox 134 1553 1204 1636; baseline 0.007 -25"><span class='ocrx_word' id='word_1_49' title='bbox 134 1555 320 1633; x_wconf 67' lang='grc' dir='ltr'><strong>ροὶωιπιιω</strong></span> <span class='ocrx_word' id='word_1_50' title='bbox 334 1555 468 1633; x_wconf 88' lang='lat' dir='ltr'><strong>partium</strong></span> <span class='ocrx_word' id='word_1_51' title='bbox 488 1587 529 1600; x_wconf 92' lang='lat'><strong>—·</strong></span> <span class='ocrx_word' id='word_1_52' title='bbox 549 1554 638 1612; x_wconf 77' lang='lat' dir='ltr'><strong>valde</strong></span> <span class='ocrx_word' id='word_1_53' title='bbox 655 1553 859 1614; x_wconf 83' lang='lat' dir='ltr'><strong>inhumanum</strong></span> <span class='ocrx_word' id='word_1_54' title='bbox 880 1563 924 1613; x_wconf 88' lang='lat' dir='ltr'><strong>est</strong></span> <span class='ocrx_word' id='word_1_55' title='bbox 934 1597 943 1628; x_wconf 88' lang='lat'><strong>,</strong></span> <span class='ocrx_word' id='word_1_56' title='bbox 961 1563 996 1614; x_wconf 91' lang='lat' dir='ltr'><strong>ut</strong></span> <span class='ocrx_word' id='word_1_57' title='bbox 1016 1553 1078 1614; x_wconf 88' lang='lat' dir='ltr'><strong>dici</strong></span> <span class='ocrx_word' id='word_1_58' title='bbox 1093 1561 1204 1636; x_wconf 86' lang='lat' dir='ltr'><strong>possit:</strong></span> 
     </span>
     <span class='ocr_line' id='line_1_10' title="bbox 131 1659 1205 1739; baseline 0.002 -20"><span class='ocrx_word' id='word_1_59' title='bbox 131 1660 296 1739; x_wconf 90' lang='lat' dir='ltr'><strong>ecquando</strong></span> <span class='ocrx_word' id='word_1_60' title='bbox 322 1669 357 1720; x_wconf 85' lang='lat' dir='ltr'><strong>tu</strong></span> <span class='ocrx_word' id='word_1_61' title='bbox 382 1661 537 1729; x_wconf 86' lang='lat' dir='ltr'><strong>hominem</strong></span> <span class='ocrx_word' id='word_1_62' title='bbox 565 1659 665 1719; x_wconf 84' lang='lat' dir='ltr'><strong>Coelio</strong></span> <span class='ocrx_word' id='word_1_63' title='bbox 680 1659 884 1738; x_wconf 74' lang='lat' dir='ltr'><strong>ineptiorem?</strong></span> <span class='ocrx_word' id='word_1_64' title='bbox 926 1659 1030 1719; x_wconf 75' lang='lat' dir='ltr'><strong>Animi</strong></span> <span class='ocrx_word' id='word_1_65' title='bbox 1046 1661 1205 1739; x_wconf 74' lang='lat' dir='ltr'><strong>alacritas,</strong></span> 
     </span>
     <span class='ocr_line' id='line_1_11' title="bbox 130 1739 1203 1845; baseline 0.003 -22"><span class='ocrx_word' id='word_1_66' title='bbox 130 1785 217 1844; x_wconf 90' lang='lat' dir='ltr'><strong>quae</strong></span> <span class='ocrx_word' id='word_1_67' title='bbox 234 1765 320 1825; x_wconf 88' lang='lat' dir='ltr'><strong>illam</strong></span> <span class='ocrx_word' id='word_1_68' title='bbox 335 1766 521 1825; x_wconf 80' lang='lat' dir='ltr'><strong>hilaritatem</strong></span> <span class='ocrx_word' id='word_1_69' title='bbox 538 1767 631 1843; x_wconf 84' lang='lat' dir='ltr'><strong>spirat</strong></span> <span class='ocrx_word' id='word_1_70' title='bbox 641 1809 650 1838; x_wconf 91' lang='lat'><strong>,</strong></span> <span class='ocrx_word' id='word_1_71' title='bbox 676 1739 809 1842; x_wconf 76' lang='lat' dir='ltr'><strong>argutias</strong></span> <span class='ocrx_word' id='word_1_72' title='bbox 835 1765 921 1824; x_wconf 83' lang='lat' dir='ltr'><strong>dedit</strong></span> <span class='ocrx_word' id='word_1_73' title='bbox 943 1765 1057 1824; x_wconf 86' lang='lat' dir='ltr'><strong>alienas</strong></span> <span class='ocrx_word' id='word_1_74' title='bbox 1078 1766 1203 1845; x_wconf 85' lang='lat' dir='ltr'><strong>quidem</strong></span> 
     </span>
     <span class='ocr_line' id='line_1_12' title="bbox 132 1867 1206 1950; baseline 0.001 -21"><span class='ocrx_word' id='word_1_75' title='bbox 132 1889 155 1929; x_wconf 89' lang='lat' dir='ltr'><strong>a</strong></span> <span class='ocrx_word' id='word_1_76' title='bbox 180 1870 313 1930; x_wconf 84' lang='lat' dir='ltr'><strong>naturali</strong></span> <span class='ocrx_word' id='word_1_77' title='bbox 344 1871 489 1930; x_wconf 88' lang='lat' dir='ltr'><strong>orationis</strong></span> <span class='ocrx_word' id='word_1_78' title='bbox 511 1868 713 1950; x_wconf 78' lang='lat' dir='ltr'><strong>aequabiliter</strong></span> <span class='ocrx_word' id='word_1_79' title='bbox 739 1867 863 1928; x_wconf 87' lang='lat' dir='ltr'><strong>llueutis</strong></span> <span class='ocrx_word' id='word_1_80' title='bbox 884 1869 1133 1947; x_wconf 80' lang='lat' dir='ltr'><strong>pulchritudine,</strong></span> <span class='ocrx_word' id='word_1_81' title='bbox 1152 1871 1206 1930; x_wconf 82' lang='lat' dir='ltr'><strong>sed</strong></span> 
     </span>
     <span class='ocr_line' id='line_1_13' title="bbox 133 1973 1205 2055; baseline 0.002 -21"><span class='ocrx_word' id='word_1_82' title='bbox 133 1976 169 2034; x_wconf 89' lang='lat' dir='ltr'><strong>iu</strong></span> <span class='ocrx_word' id='word_1_83' title='bbox 199 1976 258 2036; x_wconf 85' lang='lat' dir='ltr'><strong>elia</strong></span> <span class='ocrx_word' id='word_1_84' title='bbox 279 1995 386 2036; x_wconf 85' lang='lat' dir='ltr'><strong>caussa</strong></span> <span class='ocrx_word' id='word_1_85' title='bbox 417 1986 446 2036; x_wconf 89' lang='lat' dir='ltr'><strong>st</strong></span> <span class='ocrx_word' id='word_1_86' title='bbox 476 1985 605 2055; x_wconf 87' lang='lat' dir='ltr'><strong>persona</strong></span> <span class='ocrx_word' id='word_1_87' title='bbox 634 1994 695 2034; x_wconf 89' lang='lat' dir='ltr'><strong>nou</strong></span> <span class='ocrx_word' id='word_1_88' title='bbox 726 1973 939 2052; x_wconf 85' lang='lat' dir='ltr'><strong>repudiandas.</strong></span> <span class='ocrx_word' id='word_1_89' title='bbox 966 1974 1032 2034; x_wconf 83' lang='lat' dir='ltr'><strong>vid.</strong></span> <span class='ocrx_word' id='word_1_90' title='bbox 1059 1995 1088 2034; x_wconf 82' lang='lat' dir='ltr'><strong>v.</strong></span> <span class='ocrx_word' id='word_1_91' title='bbox 1112 1995 1141 2053; x_wconf 78' lang='lat' dir='ltr'><strong>g.</strong></span> <span class='ocrx_word' id='word_1_92' title='bbox 1172 1977 1205 2051; x_wconf 83' lang='lat' dir='ltr'><strong>Q.</strong></span> 
     </span>
     <span class='ocr_line' id='line_1_14' title="bbox 133 2078 1206 2160; baseline 0.003 -22"><span class='ocrx_word' id='word_1_93' title='bbox 133 2079 232 2139; x_wconf 81' lang='lat' dir='ltr'><strong>Cicer.</strong></span> <span class='ocrx_word' id='word_1_94' title='bbox 253 2079 305 2159; x_wconf 88' lang='lat' dir='ltr'><strong>Ep.</strong></span> <span class='ocrx_word' id='word_1_95' title='bbox 322 2081 362 2140; x_wconf 92' lang='lat' dir='ltr'><strong>ll.</strong></span> <span class='ocrx_word' id='word_1_96' title='bbox 383 2078 436 2158; x_wconf 85' lang='lat' dir='ltr'><strong>[ad</strong></span> <span class='ocrx_word' id='word_1_97' title='bbox 452 2079 532 2140; x_wconf 83' lang='lat' dir='ltr'><strong>Fam.</strong></span> <span class='ocrx_word' id='word_1_98' title='bbox 554 2079 708 2160; x_wconf 74' lang='lat' dir='ltr'><strong>xv1.16.]</strong></span> <span class='ocrx_word' id='word_1_99' title='bbox 1080 2079 1206 2143; x_wconf 66' lang='lat' dir='ltr'><strong>vlnus.</strong></span> 
     </span>
     <span class='ocr_line' id='line_1_15' title="bbox 175 2182 1205 2265; baseline 0.004 -22"><span class='ocrx_word' id='word_1_100' title='bbox 175 2182 206 2265; x_wconf 63' lang='lat'><strong>5.</strong></span> <span class='ocrx_word' id='word_1_101' title='bbox 230 2183 256 2243; x_wconf 95' lang='lat' dir='ltr'><strong>l.</strong></span> <span class='ocrx_word' id='word_1_102' title='bbox 298 2186 341 2241; x_wconf 82' lang='lat' dir='ltr'><strong>in</strong></span> <span class='ocrx_word' id='word_1_103' title='bbox 375 2185 555 2243; x_wconf 80' lang='lat' dir='ltr'><strong>victorio</strong></span> <span class='ocrx_word' id='word_1_104' title='bbox 585 2185 911 2263; x_wconf 80' lang='lat' dir='ltr'><strong>temperatiorem.</strong></span> <span class='ocrx_word' id='word_1_105' title='bbox 963 2183 1099 2244; x_wconf 84' lang='lat' dir='ltr'><strong>Proclive</strong></span> <span class='ocrx_word' id='word_1_106' title='bbox 1127 2197 1205 2247; x_wconf 73' lang='lat' dir='ltr'><strong>&#39;erat</strong></span> 
     </span>
     <span class='ocr_line' id='line_1_16' title="bbox 131 2288 1205 2368; baseline 0 -18"><span class='ocrx_word' id='word_1_107' title='bbox 131 2291 287 2368; x_wconf 77' lang='lat' dir='ltr'><strong>corrigere</strong></span> <span class='ocrx_word' id='word_1_108' title='bbox 319 2291 592 2368; x_wconf 72' lang='lat' dir='ltr'><strong>temperantiorem:</strong></span> <span class='ocrx_word' id='word_1_109' title='bbox 616 2288 669 2348; x_wconf 87' lang='lat' dir='ltr'><strong>sed</strong></span> <span class='ocrx_word' id='word_1_110' title='bbox 697 2298 729 2347; x_wconf 90' lang='lat' dir='ltr'><strong>et</strong></span> <span class='ocrx_word' id='word_1_111' title='bbox 752 2288 952 2348; x_wconf 69' lang='lat' dir='ltr'><strong>haectorma</strong></span> <span class='ocrx_word' id='word_1_112' title='bbox 981 2289 1061 2350; x_wconf 87' lang='lat' dir='ltr'><strong>bone</strong></span> <span class='ocrx_word' id='word_1_113' title='bbox 1082 2297 1147 2368; x_wconf 71' lang='lat' dir='ltr'><strong>est,</strong></span> <span class='ocrx_word' id='word_1_114' title='bbox 1171 2293 1205 2350; x_wconf 94' lang='lat' dir='ltr'><strong>in</strong></span> 
     </span>
     <span class='ocr_line' id='line_1_17' title="bbox 139 2393 1205 2473; baseline 0.003 -21"><span class='ocrx_word' id='word_1_115' title='bbox 139 2395 221 2454; x_wconf 85' lang='lat' dir='ltr'><strong>Verr.</strong></span> <span class='ocrx_word' id='word_1_116' title='bbox 248 2394 296 2453; x_wconf 89' lang='lat' dir='ltr'><strong>IV.</strong></span> <span class='ocrx_word' id='word_1_117' title='bbox 326 2393 374 2453; x_wconf 98' lang='grc'><strong>43.</strong></span> <span class='ocrx_word' id='word_1_118' title='bbox 403 2403 447 2454; x_wconf 90' lang='lat' dir='ltr'><strong>est</strong></span> <span class='ocrx_word' id='word_1_119' title='bbox 470 2394 554 2453; x_wconf 81' lang='lat' dir='ltr'><strong>tomo</strong></span> <span class='ocrx_word' id='word_1_120' title='bbox 575 2393 846 2473; x_wconf 76' lang='lat' dir='ltr'><strong>temperatissimus.</strong></span> <span class='ocrx_word' id='word_1_121' title='bbox 1056 2426 1057 2430; x_wconf 65' lang='lat'><strong>,</strong></span> <span class='ocrx_word' id='word_1_122' title='bbox 1082 2395 1205 2456; x_wconf 75' lang='lat' dir='ltr'><strong>Euneon.</strong></span> 
     </span>
     <span class='ocr_line' id='line_1_18' title="bbox 173 2497 1206 2580; baseline 0 -21"><span class='ocrx_word' id='word_1_123' title='bbox 173 2497 206 2580; x_wconf 64' lang='lat'><strong>5.</strong></span> <span class='ocrx_word' id='word_1_124' title='bbox 226 2499 255 2560; x_wconf 91' lang='grc'><strong>3.</strong></span> <span class='ocrx_word' id='word_1_125' title='bbox 298 2499 489 2579; x_wconf 75' lang='lat' dir='ltr'><strong>discupio.</strong></span> <span class='ocrx_word' id='word_1_126' title='bbox 534 2497 722 2557; x_wconf 75' lang='lat' dir='ltr'><strong>Vehementer</strong></span> <span class='ocrx_word' id='word_1_127' title='bbox 743 2499 840 2577; x_wconf 81' lang='lat' dir='ltr'><strong>cepio.</strong></span> <span class='ocrx_word' id='word_1_128' title='bbox 881 2497 1057 2558; x_wconf 86' lang='lat' dir='ltr'><strong>Plautinum</strong></span> <span class='ocrx_word' id='word_1_129' title='bbox 1069 2499 1206 2560; x_wconf 54' lang='lat' dir='ltr'><strong>*verbum</strong></span> 
     </span>
     <span class='ocr_line' id='line_1_19' title="bbox 136 2601 1205 2686; baseline 0.001 -24"><span class='ocrx_word' id='word_1_130' title='bbox 136 2603 232 2682; x_wconf 78' lang='lat' dir='ltr'><strong>[lrin.</strong></span> <span class='ocrx_word' id='word_1_131' title='bbox 243 2604 292 2663; x_wconf 88' lang='lat' dir='ltr'><strong>lV.</strong></span> <span class='ocrx_word' id='word_1_132' title='bbox 312 2603 342 2663; x_wconf 88' lang='lat'><strong>2.</strong></span> <span class='ocrx_word' id='word_1_133' title='bbox 357 2603 420 2685; x_wconf 65' lang='lat'><strong>82]</strong></span> <span class='ocrx_word' id='word_1_134' title='bbox 439 2623 501 2686; x_wconf 90' lang='lat' dir='ltr'><strong>quo</strong></span> <span class='ocrx_word' id='word_1_135' title='bbox 518 2605 610 2664; x_wconf 86' lang='lat' dir='ltr'><strong>etiam</strong></span> <span class='ocrx_word' id='word_1_136' title='bbox 630 2603 766 2663; x_wconf 76' lang='lat' dir='ltr'><strong>Catullus</strong></span> <span class='ocrx_word' id='word_1_137' title='bbox 777 2602 860 2681; x_wconf 84' lang='lat' dir='ltr'><strong>[cvl.</strong></span> <span class='ocrx_word' id='word_1_138' title='bbox 872 2601 915 2683; x_wconf 86' lang='grc'><strong>2.]</strong></span> <span class='ocrx_word' id='word_1_139' title='bbox 926 2621 996 2662; x_wconf 84' lang='lat' dir='ltr'><strong>usus</strong></span> <span class='ocrx_word' id='word_1_140' title='bbox 1008 2612 1061 2674; x_wconf 83' lang='lat' dir='ltr'><strong>est.</strong></span> <span class='ocrx_word' id='word_1_141' title='bbox 1101 2601 1205 2663; x_wconf 75' lang='lat' dir='ltr'><strong>llunor.</strong></span> 
     </span>
     <span class='ocr_line' id='line_1_20' title="bbox 175 2705 1204 2788; baseline 0 -21"><span class='ocrx_word' id='word_1_142' title='bbox 175 2739 239 2754; x_wconf 86' lang='lat'><strong>-·-</strong></span> <span class='ocrx_word' id='word_1_143' title='bbox 257 2743 320 2755; x_wconf 88' lang='lat'><strong>·-</strong></span> <span class='ocrx_word' id='word_1_144' title='bbox 364 2707 456 2767; x_wconf 81' lang='lat' dir='ltr'><strong>Valde</strong></span> <span class='ocrx_word' id='word_1_145' title='bbox 476 2710 573 2788; x_wconf 77' lang='lat' dir='ltr'><strong>cepio,</strong></span> <span class='ocrx_word' id='word_1_146' title='bbox 596 2710 642 2767; x_wconf 89' lang='lat' dir='ltr'><strong>uti</strong></span> <span class='ocrx_word' id='word_1_147' title='bbox 658 2708 814 2766; x_wconf 78' lang='lat' dir='ltr'><strong>Terentius</strong></span> <span class='ocrx_word' id='word_1_148' title='bbox 833 2705 901 2786; x_wconf 80' lang='lat' dir='ltr'><strong>[ld.</strong></span> <span class='ocrx_word' id='word_1_149' title='bbox 920 2706 968 2766; x_wconf 88' lang='lat' dir='ltr'><strong>IV.</strong></span> <span class='ocrx_word' id='word_1_150' title='bbox 988 2705 1204 2787; x_wconf 70' lang='lat' dir='ltr'><strong>4.&#39;1.]dr‘scrn·</strong></span> 
     </span>
     <span class='ocr_line' id='line_1_21' title="bbox 134 2811 1206 2894; baseline 0.001 -24"><span class='ocrx_word' id='word_1_151' title='bbox 134 2815 221 2884; x_wconf 54' lang='lat' dir='ltr'><strong>eton-</strong></span> <span class='ocrx_word' id='word_1_152' title='bbox 252 2811 383 2892; x_wconf 87' lang='lat' dir='ltr'><strong>[Phorm.</strong></span> <span class='ocrx_word' id='word_1_153' title='bbox 411 2813 445 2872; x_wconf 79' lang='lat' dir='ltr'><strong>V.</strong></span> <span class='ocrx_word' id='word_1_154' title='bbox 473 2811 502 2873; x_wconf 87' lang='lat'><strong>8.</strong></span> <span class='ocrx_word' id='word_1_155' title='bbox 523 2812 586 2894; x_wconf 86' lang='lat'><strong>22.]</strong></span> <span class='ocrx_word' id='word_1_156' title='bbox 608 2813 751 2872; x_wconf 78' lang='lat' dir='ltr'><strong>distaedet</strong></span> <span class='ocrx_word' id='word_1_157' title='bbox 758 2835 772 2884; x_wconf 91' lang='lat'><strong>,·</strong></span> <span class='ocrx_word' id='word_1_158' title='bbox 792 2811 943 2892; x_wconf 79' lang='lat' dir='ltr'><strong>[Eunuoh.</strong></span> <span class='ocrx_word' id='word_1_159' title='bbox 964 2811 997 2871; x_wconf 87' lang='lat' dir='ltr'><strong>V.</strong></span> <span class='ocrx_word' id='word_1_160' title='bbox 1021 2813 1047 2871; x_wconf 92' lang='grc'><strong>1.</strong></span> <span class='ocrx_word' id='word_1_161' title='bbox 1067 2811 1128 2894; x_wconf 92' lang='grc'><strong>16.]</strong></span> <span class='ocrx_word' id='word_1_162' title='bbox 1145 2813 1206 2871; x_wconf 74' lang='lat' dir='ltr'><strong>‹tir-</strong></span> 
     </span>
     <span class='ocr_line' id='line_1_22' title="bbox 129 2895 1204 2999; baseline 0 -21"><span class='ocrx_word' id='word_1_163' title='bbox 129 2919 241 2999; x_wconf 82' lang='lat' dir='ltr'><strong>pndet,</strong></span> <span class='ocrx_word' id='word_1_164' title='bbox 261 2929 291 2979; x_wconf 90' lang='lat' dir='ltr'><strong>et</strong></span> <span class='ocrx_word' id='word_1_165' title='bbox 311 2919 432 2978; x_wconf 85' lang='lat' dir='ltr'><strong>similia.</strong></span> <span class='ocrx_word' id='word_1_166' title='bbox 547 2895 552 2927; x_wconf 45' lang='lat' dir='ltr'><strong>l</strong></span> <span class='ocrx_word' id='word_1_167' title='bbox 1082 2911 1204 2978; x_wconf 80' lang='lat' dir='ltr'><strong>Connus.</strong></span> 
     </span>
     <span class='ocr_line' id='line_1_23' title="bbox 175 3020 1203 3104; baseline 0 -23"><span class='ocrx_word' id='word_1_168' title='bbox 175 3059 239 3070; x_wconf 89' lang='lat'><strong>—-</strong></span> <span class='ocrx_word' id='word_1_169' title='bbox 256 3058 318 3070; x_wconf 89' lang='lat'><em>-</em></span> <span class='ocrx_word' id='word_1_170' title='bbox 360 3021 543 3102; x_wconf 78' lang='lat' dir='ltr'><strong>Discnpere,</strong></span> <span class='ocrx_word' id='word_1_171' title='bbox 570 3022 667 3104; x_wconf 80' lang='lat' dir='ltr'><strong>lteftr&#39;g</strong></span> <span class='ocrx_word' id='word_1_172' title='bbox 691 3021 868 3092; x_wconf 57' lang='lat' dir='ltr'><strong>menschen,</strong></span> <span class='ocrx_word' id='word_1_173' title='bbox 894 3020 935 3080; x_wconf 83' lang='lat' dir='ltr'><strong>ist</strong></span> <span class='ocrx_word' id='word_1_174' title='bbox 962 3021 1011 3079; x_wconf 91' lang='lat' dir='ltr'><strong>ein</strong></span> <span class='ocrx_word' id='word_1_175' title='bbox 1034 3023 1203 3099; x_wconf 80' lang='lat' dir='ltr'><strong>gerneinee,</strong></span> 
     </span>
     <span class='ocr_line' id='line_1_24' title="bbox 132 3125 1204 3204; baseline -0.003 -14"><span class='ocrx_word' id='word_1_176' title='bbox 132 3131 248 3190; x_wconf 89' lang='lat' dir='ltr'><strong>seltnes</strong></span> <span class='ocrx_word' id='word_1_177' title='bbox 277 3131 382 3204; x_wconf 88' lang='lat' dir='ltr'><strong>Wort,</strong></span> <span class='ocrx_word' id='word_1_178' title='bbox 410 3127 543 3188; x_wconf 81' lang='lat' dir='ltr'><strong>welches</strong></span> <span class='ocrx_word' id='word_1_179' title='bbox 569 3128 613 3187; x_wconf 90' lang='lat' dir='ltr'><strong>im</strong></span> <span class='ocrx_word' id='word_1_180' title='bbox 638 3127 918 3188; x_wconf 76' lang='lat' dir='ltr'><strong>Ale-lateinischen</strong></span> <span class='ocrx_word' id='word_1_181' title='bbox 946 3125 996 3184; x_wconf 88' lang='lat' dir='ltr'><strong>bei</strong></span> <span class='ocrx_word' id='word_1_182' title='bbox 1025 3127 1085 3185; x_wconf 88' lang='lat' dir='ltr'><strong>den</strong></span> <span class='ocrx_word' id='word_1_183' title='bbox 1103 3126 1204 3187; x_wconf 84' lang='lat' dir='ltr'><strong>Korni·</strong></span> 
     </span>
     <span class='ocr_line' id='line_1_25' title="bbox 134 3209 1274 3314; baseline -0.005 -17"><span class='ocrx_word' id='word_1_184' title='bbox 134 3237 231 3313; x_wconf 82' lang='lat' dir='ltr'><strong>kern,</strong></span> <span class='ocrx_word' id='word_1_185' title='bbox 248 3235 300 3294; x_wconf 89' lang='lat' dir='ltr'><strong>bei</strong></span> <span class='ocrx_word' id='word_1_186' title='bbox 322 3233 438 3306; x_wconf 85' lang='lat' dir='ltr'><strong>Catull,</strong></span> <span class='ocrx_word' id='word_1_187' title='bbox 458 3232 522 3292; x_wconf 89' lang='lat' dir='ltr'><strong>und</strong></span> <span class='ocrx_word' id='word_1_188' title='bbox 542 3225 601 3290; x_wconf 81' lang='lat' dir='ltr'><strong>nur</strong></span> <span class='ocrx_word' id='word_1_189' title='bbox 618 3231 730 3290; x_wconf 86' lang='lat' dir='ltr'><strong>einmel</strong></span> <span class='ocrx_word' id='word_1_190' title='bbox 747 3231 902 3313; x_wconf 79' lang='lat' dir='ltr'><strong>Klossisch</strong></span> <span class='ocrx_word' id='word_1_191' title='bbox 923 3231 971 3291; x_wconf 85' lang='lat' dir='ltr'><strong>bei</strong></span> <span class='ocrx_word' id='word_1_192' title='bbox 992 3229 1110 3291; x_wconf 88' lang='lat' dir='ltr'><strong>Coelius</strong></span> <span class='ocrx_word' id='word_1_193' title='bbox 1129 3230 1203 3314; x_wconf 85' lang='lat' dir='ltr'><strong>(Cic.</strong></span> <span class='ocrx_word' id='word_1_194' title='bbox 1271 3209 1274 3216; x_wconf 50' lang='lat'><strong>.</strong></span> 
     </span>
     <span class='ocr_line' id='line_1_26' title="bbox 135 3334 1203 3421; baseline -0.004 -20"><span class='ocrx_word' id='word_1_195' title='bbox 135 3341 219 3402; x_wconf 74' lang='lat' dir='ltr'><strong>Fam.</strong></span> <span class='ocrx_word' id='word_1_196' title='bbox 241 3341 320 3400; x_wconf 85' lang='lat' dir='ltr'><strong>Vlll.</strong></span> <span class='ocrx_word' id='word_1_197' title='bbox 344 3334 404 3421; x_wconf 83' lang='lat'><strong>15.)</strong></span> <span class='ocrx_word' id='word_1_198' title='bbox 423 3339 594 3397; x_wconf 85' lang='lat' dir='ltr'><strong>vorlorumt</strong></span> <span class='ocrx_word' id='word_1_199' title='bbox 604 3383 612 3413; x_wconf 97' lang='lat'><strong>,</strong></span> <span class='ocrx_word' id='word_1_200' title='bbox 624 3338 679 3397; x_wconf 86' lang='lat' dir='ltr'><strong>der</strong></span> <span class='ocrx_word' id='word_1_201' title='bbox 696 3339 740 3397; x_wconf 91' lang='lat' dir='ltr'><strong>im</strong></span> <span class='ocrx_word' id='word_1_202' title='bbox 758 3337 920 3396; x_wconf 79' lang='lat' dir='ltr'><strong>Ausdruck</strong></span> <span class='ocrx_word' id='word_1_203' title='bbox 941 3336 1017 3395; x_wconf 89' lang='lat' dir='ltr'><strong>eben</strong></span> <span class='ocrx_word' id='word_1_204' title='bbox 1035 3337 1122 3396; x_wconf 87' lang='lat' dir='ltr'><strong>nieht</strong></span> <span class='ocrx_word' id='word_1_205' title='bbox 1139 3338 1203 3397; x_wconf 86' lang='lat' dir='ltr'><strong>ele-</strong></span> 
     </span>
     <span class='ocr_line' id='line_1_27' title="bbox 136 3441 1205 3526; baseline 0 -21"><span class='ocrx_word' id='word_1_206' title='bbox 136 3456 213 3526; x_wconf 77' lang='lat' dir='ltr'><strong>gant</strong></span> <span class='ocrx_word' id='word_1_207' title='bbox 236 3449 285 3506; x_wconf 86' lang='lat' dir='ltr'><strong>ist.</strong></span> <span class='ocrx_word' id='word_1_208' title='bbox 325 3444 580 3505; x_wconf 83' lang='lat' dir='ltr'><strong>llau‘verrneidc·</strong></span> <span class='ocrx_word' id='word_1_209' title='bbox 599 3463 630 3503; x_wconf 81' lang='lat' dir='ltr'><strong>es</strong></span> <span class='ocrx_word' id='word_1_210' title='bbox 656 3443 688 3501; x_wconf 89' lang='lat' dir='ltr'><strong>in</strong></span> <span class='ocrx_word' id='word_1_211' title='bbox 720 3442 804 3501; x_wconf 89' lang='lat' dir='ltr'><strong>edler</strong></span> <span class='ocrx_word' id='word_1_212' title='bbox 830 3441 912 3502; x_wconf 81' lang='lat' dir='ltr'><strong>Rode</strong></span> <span class='ocrx_word' id='word_1_213' title='bbox 940 3441 1110 3518; x_wconf 83' lang='lat' dir='ltr'><strong>durchaus,</strong></span> <span class='ocrx_word' id='word_1_214' title='bbox 1139 3445 1205 3504; x_wconf 90' lang='lat' dir='ltr'><strong>und</strong></span> 
     </span>
     <span class='ocr_line' id='line_1_28' title="bbox 134 3546 1204 3630; baseline -0.001 -20"><span class='ocrx_word' id='word_1_215' title='bbox 134 3571 208 3630; x_wconf 81' lang='lat' dir='ltr'><strong>sege</strong></span> <span class='ocrx_word' id='word_1_216' title='bbox 238 3549 330 3610; x_wconf 80' lang='lat' dir='ltr'><strong>(lafrir</strong></span> <span class='ocrx_word' id='word_1_217' title='bbox 360 3549 542 3609; x_wconf 81' lang='lat' dir='ltr'><strong>velenrenter</strong></span> <span class='ocrx_word' id='word_1_218' title='bbox 569 3567 672 3628; x_wconf 80' lang='lat' dir='ltr'><strong>cupere</strong></span> <span class='ocrx_word' id='word_1_219' title='bbox 683 3572 696 3620; x_wconf 91' lang='lat'><strong>,·</strong></span> <span class='ocrx_word' id='word_1_220' title='bbox 718 3549 750 3607; x_wconf 92' lang='lat' dir='ltr'><strong>in</strong></span> <span class='ocrx_word' id='word_1_221' title='bbox 776 3546 896 3606; x_wconf 81' lang='lat' dir='ltr'><strong>Brielen</strong></span> <span class='ocrx_word' id='word_1_222' title='bbox 915 3546 991 3607; x_wconf 77' lang='lat' dir='ltr'><strong>aber&#39;</strong></span> <span class='ocrx_word' id='word_1_223' title='bbox 1006 3549 1046 3606; x_wconf 87' lang='lat' dir='ltr'><strong>ist</strong></span> <span class='ocrx_word' id='word_1_224' title='bbox 1067 3567 1098 3608; x_wconf 87' lang='lat' dir='ltr'><strong>es</strong></span> <span class='ocrx_word' id='word_1_225' title='bbox 1116 3550 1204 3610; x_wconf 86' lang='lat' dir='ltr'><strong>nicht</strong></span> 
     </span>
     <span class='ocr_line' id='line_1_29' title="bbox 133 3654 1204 3735; baseline -0.001 -19"><span class='ocrx_word' id='word_1_226' title='bbox 133 3676 213 3735; x_wconf 83' lang='lat' dir='ltr'><strong>genn</strong></span> <span class='ocrx_word' id='word_1_227' title='bbox 234 3677 272 3716; x_wconf 82' lang='lat' dir='ltr'><strong>nu</strong></span> <span class='ocrx_word' id='word_1_228' title='bbox 288 3655 465 3715; x_wconf 79' lang='lat' dir='ltr'><strong>verwerlen.</strong></span> <span class='ocrx_word' id='word_1_229' title='bbox 523 3703 527 3710; x_wconf 93' lang='lat'><strong>.</strong></span> <span class='ocrx_word' id='word_1_230' title='bbox 1106 3654 1204 3716; x_wconf 78' lang='lat' dir='ltr'><strong>Kurra.</strong></span> 
     </span>
     <span class='ocr_line' id='line_1_30' title="bbox 180 3759 1203 3842; baseline 0.001 -21"><span class='ocrx_word' id='word_1_231' title='bbox 180 3759 209 3842; x_wconf 51' lang='grc' dir='ltr'><strong>ᾗ.</strong></span> <span class='ocrx_word' id='word_1_232' title='bbox 231 3761 259 3822; x_wconf 91' lang='grc'><strong>4.</strong></span> <span class='ocrx_word' id='word_1_233' title='bbox 301 3762 348 3820; x_wconf 80' lang='lat' dir='ltr'><strong>od</strong></span> <span class='ocrx_word' id='word_1_234' title='bbox 371 3759 403 3820; x_wconf 82' lang='lat' dir='ltr'><em>A</em></span> <span class='ocrx_word' id='word_1_235' title='bbox 411 3761 490 3839; x_wconf 81' lang='lat' dir='ltr'><strong>lpse</strong></span> <span class='ocrx_word' id='word_1_236' title='bbox 517 3777 660 3824; x_wconf 78' lang='lat' dir='ltr'><strong>cerens.</strong></span> <span class='ocrx_word' id='word_1_237' title='bbox 701 3759 748 3818; x_wconf 87' lang='lat' dir='ltr'><strong>Ita</strong></span> <span class='ocrx_word' id='word_1_238' title='bbox 765 3768 880 3818; x_wconf 82' lang='lat' dir='ltr'><strong>veteres</strong></span> <span class='ocrx_word' id='word_1_239' title='bbox 900 3759 1112 3839; x_wconf 81' lang='lat' dir='ltr'><strong>loquebantur.</strong></span> <span class='ocrx_word' id='word_1_240' title='bbox 1134 3761 1203 3822; x_wconf 89' lang='lat' dir='ltr'><strong>Cae·</strong></span> 
     </span>
     <span class='ocr_line' id='line_1_31' title="bbox 132 3861 1204 3944; baseline 0.002 -20"><span class='ocrx_word' id='word_1_241' title='bbox 132 3885 185 3924; x_wconf 86' lang='lat' dir='ltr'><strong>sar</strong></span> <span class='ocrx_word' id='word_1_242' title='bbox 209 3864 248 3924; x_wconf 89' lang='lat' dir='ltr'><strong>dc</strong></span> <span class='ocrx_word' id='word_1_243' title='bbox 270 3864 301 3924; x_wconf 91' lang='lat' dir='ltr'><strong>B.</strong></span> <span class='ocrx_word' id='word_1_244' title='bbox 330 3865 406 3926; x_wconf 82' lang='lat' dir='ltr'><strong>Gall.</strong></span> <span class='ocrx_word' id='word_1_245' title='bbox 429 3864 478 3924; x_wconf 80' lang='lat' dir='ltr'><strong>Vl.</strong></span> <span class='ocrx_word' id='word_1_246' title='bbox 503 3863 553 3923; x_wconf 88' lang='grc'><strong>33.</strong></span> <span class='ocrx_word' id='word_1_247' title='bbox 600 3861 815 3922; x_wconf 69' lang='lat' dir='ltr'><strong>llLahe’ennm</strong></span> <span class='ocrx_word' id='word_1_248' title='bbox 834 3881 902 3920; x_wconf 85' lang='lat' dir='ltr'><strong>cnm</strong></span> <span class='ocrx_word' id='word_1_249' title='bbox 921 3863 1087 3944; x_wconf 79' lang='lat' dir='ltr'><strong>legionibus</strong></span> <span class='ocrx_word' id='word_1_250' title='bbox 1106 3866 1204 3926; x_wconf 76' lang='lat' dir='ltr'><strong>trihus</strong></span> 
     </span>
     <span class='ocr_line' id='line_1_32' title="bbox 132 3953 1203 4049; baseline 0.001 -20"><span class='ocrx_word' id='word_1_251' title='bbox 132 3971 176 4030; x_wconf 81' lang='lat' dir='ltr'><strong>od</strong></span> <span class='ocrx_word' id='word_1_252' title='bbox 197 3969 345 4029; x_wconf 79' lang='lat' dir='ltr'><strong>Oceanum</strong></span> <span class='ocrx_word' id='word_1_253' title='bbox 363 3990 464 4029; x_wconf 81' lang='lat' dir='ltr'><strong>cerens</strong></span> <span class='ocrx_word' id='word_1_254' title='bbox 478 3953 637 4049; x_wconf 80' lang='lat' dir='ltr'><strong>proficisci</strong></span> <span class='ocrx_word' id='word_1_255' title='bbox 656 3968 746 4026; x_wconf 80' lang='lat' dir='ltr'><strong>iubet.</strong></span> <span class='ocrx_word' id='word_1_256' title='bbox 775 3967 936 4027; x_wconf 85' lang='lat' dir='ltr'><strong>Sallustius</strong></span> <span class='ocrx_word' id='word_1_257' title='bbox 953 3969 1019 4047; x_wconf 80' lang='lat' dir='ltr'><strong>lug.</strong></span> <span class='ocrx_word' id='word_1_258' title='bbox 1039 3968 1087 4030; x_wconf 88' lang='grc'><strong>58.</strong></span> <span class='ocrx_word' id='word_1_259' title='bbox 1103 3969 1203 4030; x_wconf 80' lang='lat' dir='ltr'><strong>onim·</strong></span> 
     </span>
     <span class='ocr_line' id='line_1_33' title="bbox 133 4071 1203 4156; baseline 0.002 -22"><span class='ocrx_word' id='word_1_260' title='bbox 133 4075 278 4150; x_wconf 79' lang='lat' dir='ltr'><strong>advertit,</strong></span> <span class='ocrx_word' id='word_1_261' title='bbox 288 4075 401 4156; x_wconf 81' lang='lat' dir='ltr'><strong>sogum</strong></span> <span class='ocrx_word' id='word_1_262' title='bbox 421 4075 461 4132; x_wconf 80' lang='lat' dir='ltr'><strong>ad</strong></span> <span class='ocrx_word' id='word_1_263' title='bbox 480 4095 510 4132; x_wconf 84' lang='lat' dir='ltr'><strong>se</strong></span> <span class='ocrx_word' id='word_1_264' title='bbox 529 4094 644 4132; x_wconf 79' lang='lat' dir='ltr'><strong>tersum</strong></span> <span class='ocrx_word' id='word_1_265' title='bbox 657 4072 740 4150; x_wconf 82' lang='lat' dir='ltr'><strong>fieri.</strong></span> <span class='ocrx_word' id='word_1_266' title='bbox 769 4073 883 4131; x_wconf 84' lang='lat' dir='ltr'><strong>Hirtius</strong></span> <span class='ocrx_word' id='word_1_267' title='bbox 894 4073 931 4132; x_wconf 90' lang='lat' dir='ltr'><strong>de</strong></span> <span class='ocrx_word' id='word_1_268' title='bbox 946 4072 978 4134; x_wconf 89' lang='lat' dir='ltr'><strong>B.</strong></span> <span class='ocrx_word' id='word_1_269' title='bbox 999 4071 1093 4135; x_wconf 81' lang='lat' dir='ltr'><strong>Afric.</strong></span> <span class='ocrx_word' id='word_1_270' title='bbox 1115 4075 1143 4136; x_wconf 89' lang='lat'><strong>8.</strong></span> <span class='ocrx_word' id='word_1_271' title='bbox 1163 4076 1203 4135; x_wconf 78' lang='lat' dir='ltr'><strong>od</strong></span> 
     </span>
     <span class='ocr_line' id='line_1_34' title="bbox 135 4174 1201 4258; baseline 0.001 -19"><span class='ocrx_word' id='word_1_272' title='bbox 135 4179 292 4240; x_wconf 78' lang='lat' dir='ltr'><strong>Cercinam</strong></span> <span class='ocrx_word' id='word_1_273' title='bbox 312 4181 442 4239; x_wconf 81' lang='lat' dir='ltr'><strong>insulam</strong></span> <span class='ocrx_word' id='word_1_274' title='bbox 459 4199 579 4238; x_wconf 73' lang='lat' dir='ltr'><strong>nereus.</strong></span> <span class='ocrx_word' id='word_1_275' title='bbox 619 4179 722 4236; x_wconf 84' lang='lat' dir='ltr'><strong>Livius</strong></span> <span class='ocrx_word' id='word_1_276' title='bbox 750 4177 774 4236; x_wconf 92' lang='lat' dir='ltr'><strong>l.</strong></span> <span class='ocrx_word' id='word_1_277' title='bbox 803 4175 848 4235; x_wconf 87' lang='lat'><strong>18.</strong></span> <span class='ocrx_word' id='word_1_278' title='bbox 891 4174 931 4234; x_wconf 83' lang='lat' dir='ltr'><strong>In</strong></span> <span class='ocrx_word' id='word_1_279' title='bbox 954 4177 1052 4258; x_wconf 83' lang='lat' dir='ltr'><strong>lepide</strong></span> <span class='ocrx_word' id='word_1_280' title='bbox 1080 4181 1120 4238; x_wconf 80' lang='lat' dir='ltr'><strong>od</strong></span> <span class='ocrx_word' id='word_1_281' title='bbox 1139 4203 1201 4240; x_wconf 88' lang='lat' dir='ltr'><strong>me-</strong></span> 
     </span>
     <span class='ocr_line' id='line_1_35' title="bbox 133 4281 1202 4367; baseline 0.003 -23"><span class='ocrx_word' id='word_1_282' title='bbox 133 4285 245 4344; x_wconf 78' lang='lat' dir='ltr'><strong>ridiem</strong></span> <span class='ocrx_word' id='word_1_283' title='bbox 262 4305 363 4344; x_wconf 76' lang='lat' dir='ltr'><strong>sersus</strong></span> <span class='ocrx_word' id='word_1_284' title='bbox 377 4285 518 4343; x_wconf 78' lang='lat' dir='ltr'><strong>consedit.</strong></span> <span class='ocrx_word' id='word_1_285' title='bbox 560 4284 662 4344; x_wconf 82' lang='lat' dir='ltr'><strong>Festus</strong></span> <span class='ocrx_word' id='word_1_286' title='bbox 684 4281 724 4362; x_wconf 84' lang='lat' dir='ltr'><strong>[v.</strong></span> <span class='ocrx_word' id='word_1_287' title='bbox 742 4282 969 4364; x_wconf 86' lang='lat' dir='ltr'><strong>Septimontio]:</strong></span> <span class='ocrx_word' id='word_1_288' title='bbox 994 4283 1071 4344; x_wconf 85' lang='lat' dir='ltr'><strong>Eum</strong></span> <span class='ocrx_word' id='word_1_289' title='bbox 1083 4296 1202 4367; x_wconf 85' lang='lat' dir='ltr'><strong>portem</strong></span> 
     </span>
     <span class='ocr_line' id='line_1_36' title="bbox 132 4387 1198 4470; baseline 0.005 -21"><span class='ocrx_word' id='word_1_290' title='bbox 132 4389 360 4470; x_wconf 75' lang='lat' dir='ltr'><strong>Esquiliarum,</strong></span> <span class='ocrx_word' id='word_1_291' title='bbox 380 4409 454 4470; x_wconf 81' lang='lat' dir='ltr'><strong>quoe</strong></span> <span class='ocrx_word' id='word_1_292' title='bbox 474 4390 554 4450; x_wconf 81' lang='lat' dir='ltr'><strong>iacet</strong></span> <span class='ocrx_word' id='word_1_293' title='bbox 567 4389 607 4449; x_wconf 79' lang='lat' dir='ltr'><strong>etl</strong></span> <span class='ocrx_word' id='word_1_294' title='bbox 624 4387 654 4449; x_wconf 84' lang='lat' dir='ltr'><em>V</em></span> <span class='ocrx_word' id='word_1_295' title='bbox 651 4389 732 4449; x_wconf 79' lang='lat' dir='ltr'><strong>tecm</strong></span> <span class='ocrx_word' id='word_1_296' title='bbox 743 4388 910 4466; x_wconf 80' lang='lat' dir='ltr'><strong>patricium</strong></span> <span class='ocrx_word' id='word_1_297' title='bbox 929 4399 1038 4451; x_wconf 79' lang='lat' dir='ltr'><strong>corsos.</strong></span> <span class='ocrx_word' id='word_1_298' title='bbox 1098 4391 1198 4454; x_wconf 77' lang='lat' dir='ltr'><strong>llrncr.</strong></span> 
     </span>
    </p>
   </div>
   <div class='ocr_carea' id='block_1_6' title="bbox 0 0 1496 5186">
    <p class='ocr_par' dir='ltr' id='par_1_6' title="bbox 0 0 1496 5186">
     <span class='ocr_line' id='line_1_37' title="bbox 0 0 1496 5186; baseline 0 0"><span class='ocrx_word' id='word_1_299' title='bbox 0 0 1496 5186; x_wconf 95' lang='lat' dir='ltr'><strong> </strong></span> 
     </span>
    </p>
   </div>
  </div>
 </body>
</html>
