3034 5166
312 603 352 674 ές
388 607 447 680 τήν
478 596 675 676 ἀστυνομίαν
711 597 908 678 προεκρίθη,
945 598 1139 673 ἠναντιοῦτο
1169 596 1247 678 πρός
1272 600 1388 660 πάντα

309 721 366 799 ⁰³93
400 723 605 800 συνάρχοντι·
638 717 691 777 καί
730 711 798 776 οὔτ’
822 711 903 776 ἄλλο
931 737 961 775 τι
988 717 1053 776 τῶν
1083 707 1329 798 ἐπιβαλλόντων
1354 717 1388 776 οί

304 837 486 895 ποιεῖσθαι
532 829 704 913 ἐπέτρεπεν
720 879 729 908 ,
765 831 838 894 οὔτε
877 834 935 904 τὰς
974 827 1066 903 δίκας
1102 835 1186 893 κατὰ
1222 833 1298 904 τοός
1327 841 1388 894 τοῦ

306 937 483 1030 -Καίσαρος
514 951 629 1028 νόμους
660 945 826 1010 τελεῖσθαι
861 949 1043 1031 συνεχώρει·
1078 948 1131 1008 καί
1165 945 1296 1028 προσέτι
1318 953 1388 1020 τοῖς

307 1061 488 1143 ’νόφείλουσί
518 1085 555 1124 ’τι
587 1065 762 1147 βοηθήσειν
788 1062 841 1124 ἐπὶ
866 1065 940 1134 τοός
963 1059 1188 1134 δεδανεικότας
1203 1063 1294 1144 ,ικαὶ
1318 1068 1388 1134 τοῖς

310 1181 361 1242 -έν
393 1176 570 1261 όλλοτρίων
602 1184 722 1242 οἰκοῦσι
760 1178 796 1239 τό
831 1178 971 1241 ἐνοίκιον
1001 1177 1136 1258 οἰφήσειν
1158 1175 1386 1259 ἐπηγγέλλετο.

327 1292 544 1378 προσθέμενος
580 1291 613 1356 δέ
648 1295 682 1356 ἐκ
712 1296 827 1357 τοιίτου
859 1295 1015 1378 συχνοός,
1037 1289 1158 1372 ἐπῆλθε
1183 1291 1254 1374 μετ’
1278 1291 1387 1356 αὐτῶν

312 1415 371 1493 ιτῷ
389 1411 573 1494 Τρεβωνίῳ·
594 1411 648 1472 καί
670 1407 861 1472 α’πέκτεινεν
877 1407 978 1474 αὐτόν
1002 1412 1058 1488 ἂν,
1076 1411 1104 1472 εἰ
1120 1412 1161 1488 μή
1180 1413 1241 1488 τήν
1263 1408 1390 1488 ἐσθῆτα

327 1524 510 1604 ήλλίιξατο,
548 1527 602 1587 καί
633 1523 763 1605 διέφυγε
788 1529 868 1605 σφᾶς
894 1527 928 1588 ἐν
951 1529 996 1608 τῷ
1018 1521 1112 1609 ὄχλῳ.
1140 1521 1329 1607 διαμαρτών
1353 1523 1390 1588 δὲ

235 1629 244 1641 ”
310 1642 466 1717 τούτου,
506 1643 605 1720 νόμον
640 1637 708 1720 ι’δίᾳ
746 1637 903 1721 ἐξέθηκε,
936 1645 1053 1722 προῖκά
1089 1663 1121 1702 τε
1153 1645 1252 1704 πᾶσιν
1285 1643 1390 1704 οἰκεῖν

311 1751 461 1833 ,διδοός,
483 1757 537 1816 καί
563 1758 604 1816 τὰ
630 1753 707 1839 χρία
730 1757 937 1819 ἀποκόπτων.

381 1873 423 1962 (c.
450 1872 517 1961 23.)
568 1871 606 1934 ‘0
637 1861 694 1934 οὖν
731 1867 921 1954 Σερουίλιος
956 1875 1153 1954 στρατιώτας
1186 1869 1221 1932 τέ
1245 1895 1337 1944 τινας
1361 1873 1396 1944 ἐς

315 1986 505 2052 ι-Γαλατιάν
532 1990 615 2050 κατὰ
639 1989 739 2072 τιέχην
765 1991 945 2070 παριόντας
971 1985 1223 2068 μετεπέμψατο,
1249 1988 1304 2048 καί
1331 1991 1395 2067 τήν

313 2153 315 2160 .
331 2102 454 2189 βουλήν
484 2111 524 2188 τῇ
556 2101 633 2186 παρ’
671 2101 778 2166 αὐτῶν
814 2111 936 2186 φρουρᾷ
972 2103 1188 2181 συναγαγών,
1227 2099 1391 2186 προέθηκε

313 2249 319 2273 2
331 2223 463 2302 γνώμην
485 2224 557 2302 περί
579 2223 644 2280 τών
667 2222 849 2298 παρόντων·
870 2219 924 2281 καί
949 2217 1151 2302 κυρωθέντος
1175 2220 1234 2298 μὲν
1255 2214 1393 2301 μηδενός

333 2335 378 2423 (οἱ
401 2333 555 2417 δήμαρχοι
580 2334 640 2414 γὰρ
661 2329 841 2419 ἐκώλυσαν)
868 2331 1108 2416 συγγραφέντος
1134 2330 1167 2394 δὲ
1190 2337 1247 2396 τοῦ
1273 2331 1393 2408 δόξαν·

331 2472 409 2527 τος,
432 2444 573 2510 ἐκέλευσε
597 2451 663 2517 τοῖς
686 2445 859 2527 ὑπηρέταις
885 2445 1037 2511 καθελεῖν
1062 2453 1103 2510 τὰ
1126 2453 1274 2513 πινάκια·
1301 2452 1394 2513 ἒπει-

329 2563 370 2646 ·δή
403 2588 435 2627 τε
466 2559 686 2633 όΚαικίλιος
714 2561 856 2634 ἐκείνους
887 2585 920 2626 τε
944 2560 1102 2644 ἀπήλασε,
1129 2565 1185 2627 καί
1208 2565 1307 2629 αὐτόν
1331 2567 1393 2629 τόν

315 2683 455 2745 ,ε’ίπατον
488 2682 519 2753 ἐς
541 2669 685 2763 θόρυβον
713 2677 903 2760 κατέστησε,
936 2679 1100 2760 συνῆλθον
1139 2672 1237 2754 αὖθις
1263 2679 1396 2764 φραξάυ

329 2821 418 2880 μενοι
435 2802 501 2869 τοῖς
526 2797 761 2878 στρατιώταις,
784 2798 837 2856 καί
859 2799 917 2874 τήν
943 2792 1091 2876 φυλακήν
1116 2801 1172 2876 τῆς
1198 2793 1319 2868 πόλεως
1344 2801 1393 2880 τῷ

317 2910 509 2996 ,Σερουϊλίῳ
526 2909 722 2994 παρέδοσαν.
745 2913 798 2973 καί
818 2912 836 2974 ό
855 2913 913 2992 μέν
934 2909 1027 2975 οὐδέν
1054 2914 1227 3006 ε’κιτοιίτου
1249 2916 1294 2995 τῷ
1307 2918 1395 2976 Και-

329 3025 444 3107 κιλίῳ,
482 3028 525 3098 ώς
557 3031 610 3087 καί
646 3018 899 3110 στρατηγουντι,
932 3026 1051 3110 πρᾶξαι
1077 3026 1216 3109 ἐφῆκεν,
1238 3026 1325 3092 οίλλὰ
1352 3035 1395 3093 τόι

318 3165 364 3204 ,τε
402 3145 605 3223 προσήκοντα
639 3147 678 3224 τῇ
713 3141 795 3224 ἀρχῇ
818 3143 914 3204 αὑτοῦ
936 3141 1026 3225 ἄλλῳ
1046 3148 1090 3227 τῷ
1110 3149 1175 3206 τῶν
1201 3147 1395 3228 στρατηγῶν

288 3275 291 3282 “
331 3256 530 3342 προσέταξε,
563 3260 617 3320 καί
654 3256 752 3320 αὐτόν
789 3259 912 3322 ἐκεῖνον
945 3263 1004 3322 ,τοῦ
1036 3284 1069 3323 τε
1094 3258 1262 3345 συνεδρίου
1287 3255 1397 3343 εἶρξε,

328 3377 383 3438 καί
410 3375 483 3438 -όιπό
511 3383 566 3436 τοῖν
595 3375 737 3459 βήματος
759 3375 974 3459 καταβοώντοί
995 3399 1027 3437 τι
1053 3374 1254 3472 κατέσπασε,
1275 3379 1334 3440 τόν
1361 3401 1396 3441 τε

326 3489 442 3573 δίφρον
455 3489 565 3576 αὐτοῦ
590 3485 795 3570 συνέτριψεν.

384 3605 425 3694 (ο.
452 3604 522 3692 24.)
572 3605 610 3666 ‘0
632 3600 666 3665 δέ
691 3602 789 3686 ὀργήν
812 3607 871 3685 μὲν
894 3605 1017 3688 πολλήν
1036 3573 1268 3672 καθ”ἵκαστον
1283 3609 1397 3674 αὐτῶν

318 3721 492 3797 ἐποιεῖτο,
530 3713 642 3790 δεδιώς
675 3715 708 3782 δέ
733 3724 774 3800 μή
797 3725 850 3804 καί
874 3717 1018 3806 κολασθη
1045 3722 1199 3813 (δύναμιν
1219 3727 1278 3805 γὰρ
1302 3722 1399 3796 α’ξιό·

329 3857 433 3919 μαχον
459 3837 492 3897 έν
518 3840 558 3917 τῇ
579 3831 670 3896 πόλει
684 3833 740 3896 οὐκ
755 3827 908 3924 εἶχεν).ές
931 3840 1134 3918 Καμπανίαν
1148 3840 1227 3922 πρός
1246 3835 1400 3902 Μίλωνα

331 3949 560 4033 νεωτερίζοντόι
589 3974 619 4012 τι
643 3951 765 4033 α’πᾶραι
792 3951 887 4028 ἔγνω.
910 3953 1030 4024 ἐκεῖνος
1052 3956 1138 4036 γὰρ,
1166 3953 1275 4034 ἐπειδή
1295 3957 1400 4034 μόνος

327 4068 392 4128 τών
429 4069 613 4146 φευγόντων
655 4065 691 4129 οὐ
724 4071 873 4152 κατήχθη
906 4070 983 4151 πρός
1008 4073 1063 4132 τοῦ
1090 4071 1282 4154 Καίσαρος,
1306 4069 1339 4141 ές
1364 4095 1402 4133 τε

327 4192 387 4262 τήν
402 4177 551 4244 Ἰταλίαν
575 4181 729 4260 ἀφίκετο,
752 4183 807 4245 καί
832 4181 969 4257 πολλοιίς
990 4185 1206 4268 ἀνθρώπους,
1232 4187 1306 4258 τούς
1318 4187 1401 4265 μέν,

328 4297 402 4382 βίον
437 4293 631 4377 δεομένους,
668 4300 741 4370 τοός
780 4296 839 4376 δέ,
863 4305 917 4362 καί
939 4303 1097 4384 τιμωρίαν
1125 4305 1200 4366 τινὰ
1223 4299 1404 4382 δεδιότας,

322 4410 502 4492 συλλέξας,
540 4418 599 4494 τήν
639 4437 671 4476 τε
720 4417 826 4498 χώραν
864 4417 1069 4502 έκαιιοιίργει,
1105 4423 1158 4482 καὶ
1188 4423 1259 4492 ταῖς
1284 4413 1410 4482 πόλεσι
