3012 5182
684 443 703 504 9

203 653 239 725 2.
272 653 433 756 ,Mutare
463 677 565 745 vero,
599 668 638 723 ut
669 668 703 725 te
728 655 801 725 dies
825 666 1008 750 noctesque
1031 675 1215 750 quaeram,

151 777 355 878 competitor
385 781 506 854 Hirrus
538 794 646 854 curat.
696 783 873 872 Quomodo
903 783 1003 856 illum
1034 795 1135 879 putes
1158 807 1215 858 cu·

152 925 294 1007 guratus
339 923 440 983 tuum
486 913 740 1008 competitorem
779 913 893 984 dolere
929 923 964 983 et
1002 911 1215 982 dissimulare

150 1061 207 1110 me
253 1041 455 1130 certiorem,
492 1062 593 1133 quam
632 1062 690 1128 se,
728 1035 1003 1110 candidatum¹l
1040 1037 1085 1108 de
1120 1061 1212 1132 quo,

149 1179 213 1258 ut,
248 1191 352 1263 quem
384 1178 501 1261 optas,
537 1189 641 1261 quam
671 1167 823 1260 primum
852 1168 1013 1238 nuntium
1046 1170 1212 1263 accipias,

151 1307 211 1365 tua
246 1295 378 1366 medius
412 1293 516 1364 fidius
550 1293 678 1386 magis,
714 1316 818 1388 quam
854 1317 930 1363 mea
964 1315 1063 1365 causa
1097 1297 1211 1391 cupio.

148 1424 234 1495 Nam
267 1447 364 1514 mee,
399 1424 427 1492 si
458 1421 527 1513 fio,
563 1420 725 1493 forsitan²
756 1445 837 1492 cum
868 1422 1092 1518 locupletiore
1123 1425 1211 1496 rofe-

146 1566 261 1624 ram⁸:
298 1549 360 1622 sed
395 1549 461 1622 hoc
497 1573 604 1646 usque
639 1573 679 1621 eo
713 1574 816 1622 suave
852 1563 925 1642 est,
964 1564 1004 1622 ut
1035 1553 1088 1624 εἰ*
1126 1555 1210 1625 acci·

145 1677 258 1766 derit,
305 1686 376 1746 totu
424 1676 493 1746 vita
538 1677 624 1746 risus
669 1676 788 1748 nobis*
816 1677 931 1750 deesse
966 1706 1035 1754 non
1068 1676 1206 1780 possiti.

145 1805 213 1878 Sed
250 1801 367 1877 tanti?
426 1803 516 1897 Sed,
553 1805 795 1877 meherculesr.
858 1807 932 1879 Non
971 1811 1120 1882 multum
1159 1812 1206 1882 Μ.

145 1937 306 2010 Octavius
349 1951 491 2008 eorum⁷
541 1935 641 2025 odie,
690 1959 779 2030 quae
818 1935 983 2005 Hirrum⁸
1019 1951 1205 2030 premunt,

143 2089 232 2162 quae
254 2063 426 2159 permulta
450 2074 552 2153 sunt,
578 2061 744 2134 sublevat.

190 2189 226 2264 s.
275 2191 375 2281 Quod
413 2190 457 2263 au
495 2190 669 2262 rnuoamr
707 2189 821 2261 meru
857 2165 1007 2263 officiam
1044 2205 1079 2265 et
1115 2193 1205 2266 hona

139 2319 274 2392 Milonis
306 2319 445 2390 attinet:
481 2318 638 2390 dedimus
671 2341 827 2413 operam,
863 2303 903 2390 ut
935 2331 971 2391 et
1001 2319 1203 2394 Philotimus

140 2470 245 2543 quom
285 2445 518 2517 honestissime
556 2443 673 2517 Miloni
709 2445 841 2518 absenti
878 2448 1019 2544 eiusque
1056 2473 1202 2523 necessa·

138 2573 198 2645 riis
229 2572 456 2664 satisfaceret,
494 2585 529 2643 et
563 2572 751 2644 secundum
786 2576 859 2646 eius
893 2575 999 2648 fidem
1033 2591 1068 2649 et
1103 2579 1200 2652 sedu-

135 2701 267 2772 litatem
291 2700 493 2772 existimatio
516 2711 574 2771 tue
600 2714 864 2772 conservaretur.

184 2825 220 2898 lt.
277 2826 371 2899 lllud
406 2851 497 2898 nunc
535 2852 554 2898 a
594 2840 628 2898 te
665 2840 769 2923 peto,
806 2831 833 2898 si
870 2831 959 2920 eris,
998 2842 1038 2900 ut
1074 2854 1197 2925 spero,

135 2957 282 3048 otiosus,
317 2957 480 3052 aliquod⁹
513 2956 557 3027 ad
589 2980 667 3046 nos,
705 2969 743 3027 ut
776 2957 1005 3051 intelligamus
1035 2982 1096 3029 nos
1133 2959 1196 3030 tibi

133 3109 235 3156 curae
268 3108 361 3174 esse,
395 3094 564 3174 σύνταγμα
597 3085 798 3158 conscribas.
848 3085 916 3175 Qui
928 3100 955 3141 ¹⁰
991 3085 1056 3157 tibi
1090 3088 1196 3178 istuc,

132 3213 271 3308 inquis,
307 3214 342 3283 in
374 3226 525 3286 mentem
551 3216 667 3303 venit,
691 3214 820 3286 homiui
845 3238 913 3286 non
937 3212 1085 3308 inepto?
1123 3215 1197 3286 Ali-

131 3341 254 3436 quid¹¹
289 3365 329 3412 ex
352 3353 420 3413 tam
441 3345 559 3415 multis
581 3345 648 3414 tuis
672 3343 901 3416 monumentis
924 3355 1077 3435 exstare,
1102 3345 1195 3439 quod

176 3625 219 3694 (1)
236 3654 270 3665 -
295 3641 321 3676 ee
336 3627 519 3688 incertiorem,
545 3642 627 3692 quam
648 3643 688 3677 me
709 3643 733 3678 ο.
748 3627 833 3695 llargo
848 3626 919 3680 Cret.
955 3625 996 3694 (2)
1014 3653 1050 3664 -
1065 3625 1155 3692 eifio,
1170 3626 1194 3675 οῖ’

118 3713 192 3779 sore.
208 3713 260 3765 ltu.
298 3715 338 3784 (3)
348 3717 475 3782 -feram
493 3715 556 3766 Ero.
571 3718 761 3785 suen-fore.
776 3733 830 3768 non
846 3716 1017 3784 loereptetiorc
1032 3715 1084 3780 ref.
1101 3713 1194 3765 Lemb.

128 3802 170 3872 (l)
198 3802 243 3856 Sic
264 3803 333 3856 Ἠοῖ.
357 3805 383 3856 2.
404 3804 497 3857 ΙΛῑιιΙι.
519 3805 616 3857 Bened.
638 3805 722 3862 Luen.
737 3835 773 3848 ·-
787 3807 832 3858 aed
846 3808 870 3858 ei
884 3805 937 3857 nd.
953 3832 989 3848 --
1003 3802 1076 3871 quod
1087 3805 1111 3856 ei
1124 3802 1194 3856 Cret.

126 3889 197 3944 Ἠοῖ.
222 3892 246 3944 1.
271 3893 365 3946 Greci.
388 3895 452 3946 Ειιι.
481 3894 543 3947 seh.
581 3896 621 3963 (5)
645 3895 689 3947 Sic
712 3895 764 3947 ld.
779 3895 847 3947 Ἠοῖ.
863 3896 889 3946 2.
907 3893 1076 3946 Lemnum.
1094 3893 1191 3945 Bened.

123 3979 185 4033 Sch.
201 3987 345 4051 -poterit
358 3984 428 4036 Crat.
447 3985 512 4036 Ἠοῖ.
536 3987 560 4036 1.
583 3984 676 4037 Graev.
714 3986 754 4053 (6)
773 3985 817 4037 Sic
831 3983 883 4035 ltd.
899 3983 967 4036 Ἠοῖ.
984 3985 1000 4034 ²
1019 3985 1077 4053 (qni
1095 3987 1131 4036 sic
1144 3984 1190 4035 di-

123 4071 248 4139 stinguit:
279 4074 331 4124 Sed
354 4077 446 4127 tanti?
474 4076 518 4127 sed
540 4076 694 4127 mehercules
725 4091 778 4125 non
802 4075 925 4124 multum.
948 4075 988 4125 M.
1018 4075 1144 4125 Octavius
1157 4069 1196 4142 -)’

123 4158 218 4212 Graev-
235 4163 332 4214 Bened.
348 4165 468 4216 Weiske.
483 4195 517 4206 -
536 4167 585 4216 me
602 4166 694 4216 tanti?
713 4165 765 4218 Sed
778 4164 918 4215 mehercule
934 4180 987 4214 non
1004 4181 1039 4214 m.
1055 4163 1146 4215 Lamb.
1156 4193 1192 4206 -

124 4250 176 4301 Sed
191 4254 263 4302 tanti
274 4254 423 4306 mehercule.
444 4257 507 4308 Non
522 4255 636 4306 maehum
650 4256 691 4306 M.
712 4256 743 4306 0.
760 4254 829 4306 Ἠοῖ.
848 4255 873 4305 1.
887 4255 950 4306 Ero.
963 4253 1025 4306 Sch.
1046 4255 1189 4324 (7)-ἀο1.

118 4355 210 4391 eorum
233 4342 356 4394 censebat
378 4343 442 4395 Em.
479 4345 519 4412 (8)
539 4362 574 4396 ω
591 4346 638 4412 qui
657 4345 775 4395 Hirrum
799 4343 977 4396 (trecharum.
995 4345 1089 4397 Grues.
1106 4346 1188 4412 Beng.

121 4427 161 4496 (9)
189 4458 223 4468 -
248 4432 351 4498 aliquid
370 4431 423 4484 ltd.
444 4432 512 4485 Ἠοῖ.
535 4436 547 4484 1
572 4444 598 4484 οῖ
619 4433 644 4483 2.
683 4433 741 4501 (10)
759 4461 794 4474 -
811 4434 876 4500 quid
898 4433 949 4486 Md.
974 4433 1044 4486 Oret.
1069 4433 1136 4485 Ἠοῖ.
1161 4434 1187 4486 1.

119 4517 176 4586 (11)
197 4537 232 4569 ω
250 4520 357 4588 aliquod
372 4523 464 4574 Lemb.
