3012 5182
828 379 870 440 40

319 601 427 681 esset,
458 612 575 661 vereor
608 590 710 658 etiam
746 611 858 660 nunc:
890 611 1004 683 neque
1026 589 1121 680 prius
1140 586 1294 658 desinam
1319 587 1385 660 for·

320 721 466 810 midare,
489 741 593 811 quam
619 717 767 810 tetigisse
790 729 848 786 te¹
872 716 1002 786 ltaliam
1028 715 1178 786 audiero.

368 847 403 916 2.
439 846 506 917 Sed
530 845 575 916 de
595 845 798 918 Parthorum
822 846 967 918 transitu
990 844 1103 916 nuntii
1123 843 1231 922 varios
1256 863 1384 914 sermo-

318 997 379 1054 nes
400 966 602 1042 excitarunt.
658 943 755 1042 Alius
791 973 906 1060 enim,
930 970 1130 1066 Pompeium
1155 968 1383 1040 mittendum:

319 1102 429 1188 alius,
466 1099 509 1169 ab
546 1098 631 1170 urbe
644 1151 650 1158 -
665 1098 891 1192 Pompeium²
927 1122 995 1169 non
1026 1095 1293 1168 removendum:
1317 1075 1382 1166 'lti-

320 1253 384 1320 ns,
430 1228 603 1299 Caesarem
629 1251 727 1298 cum
763 1251 825 1299 suo
855 1229 1024 1298 exercitu:
1057 1226 1167 1324 alius,
1205 1224 1382 1295 consules:

320 1380 420 1426 nemo
456 1365 569 1425 tamen
604 1377 644 1424 ex
678 1353 989 1424 senatusconsulto
1012 1353 1171 1445 privatos.
1221 1349 1383 1422 Consules

318 1495 455 1570 autem,
492 1481 572 1575 quia
609 1492 791 1576 verentur,
825 1475 869 1549 ne
904 1477 991 1550 illud
1029 1479 1383 1578 senatusconsultum

318 1609 404 1697 fiat,
452 1617 491 1676 ut
526 1606 680 1702 paludati
715 1619 834 1676 exeant
869 1618 929 1677 ct³
948 1607 1208 1706 xcontumeliose
1249 1617 1384 1702 praeter

320 1757 376 1806 eos
407 1733 451 1804 ad
487 1733 593 1803 alium
625 1757 679 1803 res
714 1731 955 1822 transferatur,
989 1733 1126 1803 omuino
1149 1746 1308 1804 senatum
1326 1734 1383 1804 ha·

299 1862 421 1942 ,beri⁴
454 1862 602 1950 nolunt,
635 1884 744 1956 usqne
772 1885 835 1951 eo,
871 1872 911 1930 ut
936 1883 1058 1957 parum
1083 1861 1263 1954 diligentes
1286 1862 1323 1931 in
1347 1884 1382 1930 re
1484 1922 1485 1932 ,

318 1989 458 2086 publica
485 1989 686 2059 videantur:
722 1988 783 2059 sed
807 1988 971 2077 honeste,
995 1988 1065 2058 sive
1090 1989 1294 2082 negligentia
1316 1988 1384 2058 sive

319 2119 441 2188 inertia
476 2127 526 2186 est
564 2117 634 2186 sive
669 2117 750 2205 ille,
776 2140 880 2210 quem
905 2119 1068 2210 proposui
1083 2105 1103 2206 ,¹
1118 2128 1253 2209 metus,
1276 2118 1384 2190 latet⁵
1484 2089 1485 2100 l

321 2244 386 2316 suh
420 2243 484 2314 hac
514 2243 758 2335 temperantiae
781 2243 1026 2316 existimatione
1046 2244 1139 2314 nolle
1163 2217 1383 2337 provinciam.

321 2366 356 2439 3.
394 2367 425 2438 Α
450 2379 485 2438 to
507 2368 626 2437 literae
650 2389 718 2438 non
743 2380 930 2438 venerunt:
962 2380 1018 2458 et,
1040 2370 1107 2438 nisi
1130 2359 1278 2441 Deiotari
1302 2371 1383 2441 sub·

321 2505 457 2564 secutae
492 2504 624 2581 essent,
639 2501 641 2506 '
658 2493 694 2562 in
727 2517 802 2564 earn
828 2471 1029 2588 opinionem
1054 2495 1185 2565 Cassius
1208 2508 1382 2588 veneratr,

320 2646 409 2717 quae
442 2621 638 2716 diripuisset
669 2623 764 2713 ipse,
814 2633 853 2692 ut
889 2623 1085 2694 viderentur
1118 2624 1162 2694 ab
1194 2625 1291 2696 hoste
1327 2651 1383 2698 va-

320 2739 431 2838 stata,
465 2748 598 2818 linxisse
622 2729 767 2820 ¹bellum
801 2760 835 2818 et
870 2747 998 2819 Arabas
1033 2750 1069 2818 in
1092 2751 1299 2844 provinciam
1324 2753 1382 2822 im·

321 2877 448 2948 misisse
502 2899 626 2972 eosque
684 2877 825 2949 Parthos
869 2899 940 2948 esse
983 2880 1115 2948 senatui
1140 2881 1381 2962 renuntiasse.

320 3005 432 3092 Quare
468 3003 532 3073 tibi
564 3007 711 3098 suadeo,
759 3009 958 3101 quicunque
993 3017 1044 3076 est
1076 3006 1152 3076 istic
1187 3018 1295 3078 status
1331 3032 1382 3080 re·
1483 3059 1484 3074 ,

323 3153 419 3218 rum,
453 3128 635 3222 diligenter
668 3147 704 3204 et
737 3148 837 3204 cauto
866 3135 1070 3229 perscribas,
1095 3158 1138 3204 ne
1158 3145 1218 3205 ant
1243 3135 1383 3207 velifica-

324 3268 381 3327 tus
414 3256 515 3326 alicui
549 3257 671 3330 dicaris
706 3273 766 3331 aut
799 3263 952 3358 aliquid,
987 3263 1080 3358 quod
1112 3261 1253 3336 referret
1277 3268 1381 3358 scire,

324 3387 507 3458 reticuisse.
1314 3365 1316 3372 Ι

373 3510 409 3582 4.
458 3513 556 3610 Nunc
597 3515 708 3584 exitus
742 3527 794 3583 est
827 3517 926 3584 anni:
961 3542 1040 3588 nam
1076 3544 1137 3613 ego
1173 3519 1233 3590 has
1271 3521 1380 3594 literas

326 3665 356 3712 a.
396 3639 432 3710 d.
467 3663 551 3708 xnu.
585 3639 659 3711 Kal.
693 3639 853 3713 Decemb.
889 3645 1019 3738 scripsi.
1082 3646 1185 3720 Plane
1220 3649 1306 3719 nihil
1339 3653 1380 3720 vi·

325 3769 390 3839 deo
414 3779 493 3839 ante
526 3766 600 3838 Kal.
634 3767 765 3839 Ianuar.
802 3771 855 3864 agi
890 3794 998 3865 posse.
1047 3771 1141 3845 Nosti
1164 3775 1381 3866 Marcellum,

321 3953 564 3969 Η

372 4036 412 4104 (l)
429 4063 463 4074 —
476 4038 502 4085 te
520 4005 639 4099 attigisse
655 4035 740 4104 llargo
757 4035 827 4089 Crat.
863 4039 902 4107 (2)
914 4055 1009 4088 -om.
1026 4039 1179 4107 Pompeium
1196 4038 1279 4108 Neap.
1299 4042 1385 4108 Antiq.

326 4123 396 4178 Orat.
408 4122 501 4174 tamb.
535 4124 575 4190 (3)
586 4123 781 4194 Siclddl'loap.
796 4128 886 4196 dutiq.
906 4127 975 4179 Orat.
993 4125 1063 4179 Vter.
1076 4127 1090 4178 1
1107 4139 1134 4178 ct
1150 4129 1175 4178 2.
1186 4127 1279 4181 lamb.
1292 4129 1386 4180 Beuad·
1482 4125 1483 4132 ¹

330 4214 401 4298 (vide
428 4213 535 4266 Victorii
555 4211 636 4266 curn
660 4214 769 4279 tertias.)
788 4243 823 4254 -
838 4220 886 4265 out
904 4214 997 4266 Graes.
1013 4213 1076 4268 Ero.
1093 4216 1156 4270 Soh.
1193 4217 1232 4285 (l)
1251 4246 1286 4264 -
1300 4219 1385 4272 haberi

328 4305 433 4356 omnino
459 4319 511 4354 sen.
540 4301 609 4390 Orat.
646 4297 686 4370 (5)
708 4303 947 4356 -lotentsxlld
968 4303 1201 4358 Romllrmsch·
1240 4307 1280 4376 (6)
1300 4323 1388 4361 —ve.

328 4395 386 4446 aiat
403 4389 453 4444 ttd.
491 4437 493 4442 .
