3034 5166
473 590 761 650 EPID'MLA
810 593 938 653 XXV.

577 690 620 756 (aa
639 690 709 740 ram.
729 689 762 740 11.
783 691 836 757 re.)

551 861 849 942 argumentum.

202 1051 396 1163 Respondet
426 1084 530 1145 Cicero
557 1086 701 1164 epistolae
730 1086 824 1146 Caelii
849 1084 1063 1168 (xxlv),-qua
1083 1107 1115 1148 se
1132 1089 1235 1150 deter-

159 1199 263 1250 ruerat
292 1209 332 1247 ne
359 1188 539 1267 Pompeium
566 1189 656 1249 ltalia
684 1190 810 1268 pulsum
841 1201 1035 1272 sequeretur,
1063 1193 1116 1252 sed
1135 1195 1235 1252 autin

160 1294 308 1372 oppidum
343 1291 469 1371 aliquod
497 1312 515 1352 a
545 1292 627 1352 bello
652 1313 785 1352 vacuum
816 1294 987 1369 recederet,
1015 1295 1111 1354 donec
1142 1296 1235 1356 armis

161 1397 274 1456 civilis·
289 1399 444 1456 contentio
469 1395 712 1470 diiudicarctur,
731 1404 783 1454 aut
803 1395 1028 1476 Hispaniensem
1050 1416 1155 1457 casum
1181 1418 1235 1458 ex-

158 1509 319 1580 spectaret.
360 1501 461 1578 Igitur
478 1507 604 1579 questus
626 1501 797 1579 superiores
817 1520 888 1560 suas
909 1500 1030 1576 literas,
1055 1500 1144 1582 (quas
1162 1523 1235 1582 per-

160 1607 234 1665 iisse
251 1605 397 1677 diximus,
419 1605 594 1686 quibusque
612 1605 731 1665 Caelius
750 1608 958 1665 exanimatum
972 1625 1004 1666 se
1022 1625 1087 1667 esse
1103 1609 1235 1688 scripse.-¹

158 1718 208 1769 rat
224 1709 277 1788 Ep.
288 1709 387 1768 XXIV.
404 1709 443 1791 l.)
461 1729 524 1769 non
542 1719 623 1769 recte
640 1709 811 1770 intellectas
830 1729 909 1784 esse,
920 1711 1042 1782 scribit,
1053 1731 1116 1772 non
1127 1731 1234 1772 essese

161 1822 215 1873 aut
227 1822 289 1872 tam
310 1814 517 1893 improvidum
534 1823 587 1874 aut
605 1824 669 1873 tam
685 1816 908 1874 inconstantem
926 1825 961 1874 ut
978 1815 1064 1874 civili
1083 1815 1164 1874 bello
1184 1795 1234 1876 ve·

160 1917 199 1977 lit
215 1920 357 1978 interesse.
374 1917 403 2000 5.
414 1917 441 1978 l.
453 1920 564 1980 deinde
574 1919 699 1996 fatetur,
709 1921 788 1979 velle
806 1939 838 1978 se
855 1927 1034 1978 contentum
1050 1938 1114 1978 esse
1126 1940 1234 2000 quam·

157 2025 204 2082 vis
227 2025 329 2103 parvis
356 2024 464 2084 Italiae
489 2024 632 2096 latebris,
649 2026 674 2083 si
694 2024 786 2083 modo
806 2043 867 2083 non
887 2022 1090 2102 impediretur
1104 2024 1232 2084 molesta

157 2127 302 2188 lictorum
322 2147 434 2209 pompa
450 2137 481 2190 et
500 2132 624 2189 nomine
645 2131 855 2208 Imperatoris,
874 2148 971 2208 eaque
987 2128 1026 2188 de
1037 2147 1128 2188 causa
1138 2127 1232 2188 malle

157 2251 189 2291 se
207 2251 272 2291 ease
291 2234 323 2289 in
340 2232 505 2311 praediolis
525 2235 589 2293 auis
605 2231 634 2314 5.
654 2233 683 2293 2.
727 2233 846 2292 lludum
869 2241 971 2293 autem
1000 2252 1018 2292 a
1040 2232 1141 2292 Caelio
1158 2252 1231 2312 per.-

157 2339 234 2416 spici
263 2339 415 2416 potuisse,
445 2340 506 2414 ait,
532 2358 626 2417 quam
647 2339 825 2399 abhorreret
845 2337 884 2396 ab
914 2337 990 2396 urbe
1010 2337 1229 2418 relinquenda3

155 2459 212 2503 nec
232 2443 401 2523 quicquam
419 2443 584 2516 accidisse,
599 2463 656 2502 cur
673 2442 835 2502 consilium
856 2450 988 2501 mutaret
1004 2439 1036 2522 5.
1052 2441 1080 2502 3.
1123 2442 1230 2516 Porro,

156 2545 276 2627 niallam
293 2546 354 2605 sibi
374 2549 536 2626 separatim
566 2547 783 2618 acerbitatem,
810 2545 863 2604 sed
873 2590 882 2621 ,
903 2566 982 2626 quae
999 2545 1135 2605 timenda
1150 2547 1229 2622 sint,

157 2650 303 2710 omnibus
320 2651 497 2730 impendere
517 2651 681 2711 arbitratus
701 2648 731 2731 5.
748 2649 776 2710 4.
797 2649 970 2720 contendit,
990 2651 1070 2708 nihil
1088 2669 1153 2710 esse
1173 2669 1231 2710 cur

155 2753 219 2812 filio
251 2773 307 2814 suo
336 2763 389 2814 aut
412 2774 524 2834 genero
552 2757 658 2816 timeat
666 2778 675 2834 5
695 2773 829 2832 quorum
850 2754 903 2813 ille
920 2755 994 2814 satis
1014 2755 1149 2834 amplum
1171 2757 1228 2816 hn-

156 2859 279 2918 biturue
306 2861 346 2919 sit
370 2861 589 2939 patrimonium
620 2860 652 2918 in
680 2860 825 2918 memoria
851 2860 984 2916 nominis
1015 2861 1084 2918 sui:
1105 2861 1156 2918 hic
1177 2880 1229 2922 au·

155 2973 218 3022 tem
254 2964 314 3023 iam
350 2965 430 3023 liber
461 2964 499 3022 sit
529 2963 567 3022 ab
594 2964 631 3020 iis
659 2960 825 3030 molestiis,
854 2979 931 3039 quas
958 2960 1142 3022 liberalitate
1172 2983 1228 3038 sua

155 3069 355 3128 contraxisset
380 3067 411 3150 5.
438 3069 466 3127 5.
515 3067 652 3144 Denique
676 3065 905 3144 llispaniensem
931 3083 1036 3124 casum
1060 3067 1168 3126 scribit
1194 3087 1227 3128 se

153 3191 215 3232 uon
252 3181 516 3250 exspectaturum
554 3167 684 3230 confidit
721 3169 837 3248 quippe
873 3169 939 3229 fore
965 3177 1018 3241 ut,
1046 3172 1072 3228 si
1101 3167 1226 3252 quando

153 3275 260 3336 futura
292 3278 331 3334 sit
351 3277 478 3351 civitas,
499 3274 558 3333 sibi
579 3293 703 3354 quoque
722 3273 808 3332 locus
828 3275 887 3350 sit;
906 3275 984 3352 quin
1004 3284 1034 3333 et
1049 3276 1117 3335 fiori
1138 3299 1226 3357 posse

152 3389 257 3439 censet
278 3389 314 3438 ut
333 3382 436 3438 omnia
453 3379 595 3438 meliores
616 3381 714 3437 exitus
732 3378 881 3454 habeant,
899 3379 1158 3458 quemadmodum
1174 3407 1224 3446 re.

154 3485 316 3557 cordatur,
344 3484 535 3543 adolescente
555 3503 606 3558 se,
632 3483 726 3541 fuisse
745 3501 850 3558 senes,
871 3483 926 3560 qui
946 3481 1067 3560 Syllano
1089 3495 1225 3568 tempore

152 3589 287 3646 nimium
314 3588 539 3666 desperaverint
565 3585 596 3668 5.
617 3586 646 3646 6.
689 3587 725 3645 ln
754 3597 888 3646 extrema
909 3588 1055 3664 epistola,
1083 3592 1224 3673 adsperso

150 3695 239 3772 priua
265 3694 332 3752 ioco
362 3691 401 3751 de
429 3692 525 3771 Oppio
550 3699 580 3750 et
597 3691 702 3749 Curtio
726 3689 808 3770 57.
840 3700 870 3750 et
895 3693 1108 3754 commendato
1136 3679 1223 3762 Ilola.

150 3797 254 3868 bella,
284 3796 364 3854 nihil
395 3795 589 3854 turbulenter
616 3805 670 3853 aut
693 3803 807 3852 temero
836 3813 869 3852 se
894 3793 1049 3856 facturum
1079 3801 1221 3882 affirmat,

149 3909 218 3960 orat
244 3907 347 3960 tamen
377 3898 532 3974 Caelium,
560 3905 597 3958 ut
621 3916 654 3957 ee
676 3915 808 3974 suosque
832 3889 945 3958 liberos
967 3906 1092 3962 tueatur
1120 3905 1150 3986 5.
1172 3907 1201 3970 8,

191 4109 258 4183 Quo
288 4117 422 4186 tempore
445 4106 521 4165 haec
544 4103 678 4186 Epistola
702 4073 815 4185 scripta
835 4105 995 4184 videatur,
1020 4110 1154 4175 diximus
1183 4119 1221 4178 ad

149 4213 337 4291 superiorem
359 4210 411 4290 Ep'.
433 4209 532 4269 XXIV.
1069 4235 1072 4239 ·
