3012 5182
406 596 696 656 ΕΗΜΜΛ
746 597 876 656 xm.

503 693 782 768 mmmm

497 850 792 918 annumeratur.

144 1007 195 1104 ln
226 1039 328 1116 priore
353 1043 438 1115 parte
464 1031 614 1112 Epistolae
644 1031 685 1115 (ς.
708 1029 810 1114 1-3.)
838 1031 947 1091 scribit
974 1031 1093 1093 Caelius
1116 1034 1182 1113 Ap.

104 1145 216 1222 pium,
241 1143 295 1222 qui
320 1159 389 1199 curn
418 1137 560 1198 Cicerone
586 1140 619 1196 in
651 1139 778 1216 gratiam
803 1137 953 1209 redierat,
983 1157 1001 1197 a
1027 1137 1182 1200 Dolabella

6 1288 11 1312 .
104 1264 173 1306 esse
196 1253 388 1304 accusatum:
416 1242 650 1322 cavendumque
679 1244 835 1319 Ciceroni,
866 1263 924 1317 ne,
955 1243 981 1301 si
1002 1242 1101 1323 Appio
1118 1261 1180 1302 non

28 1379 30 1388 Δ
104 1350 277 1424 studuerit,
301 1368 409 1428 parum
435 1348 617 1427 simpliciter
644 1355 674 1408 et
699 1347 831 1408 candide
849 1348 1026 1406 inimicitias
1044 1350 1181 1426 posuisse

104 1454 248 1514 videatur
274 1451 304 1534 ς
329 1451 355 1510 1.
398 1451 572 1512 Dolabellae
594 1461 713 1527 autem,
743 1472 761 1510 a
791 1469 853 1530 quo
884 1471 962 1510 uxor
990 1451 1181 1526 discesserit,

102 1557 284 1627 Tulliolam,
322 1555 475 1615 Ciceronis
511 1555 628 1626 filiam,
668 1558 765 1616 serius
797 1574 885 1636 posse
917 1554 1060 1616 collocari
1089 1555 1120 1638 C.
1148 1555 1177 1620 2.

103 1660 220 1722 Deinde
256 1659 427 1738 significat,
462 1657 641 1738 Pompeium
678 1660 766 1720 valde
802 1680 858 1739 pro
898 1658 997 1739 Appio
1027 1660 1180 1722 laborare:

106 1749 200 1824 totam
231 1783 301 1822 vero
318 1763 446 1820 otiosam
466 1781 530 1821 esse
551 1763 725 1821 civitatemr
741 1763 853 1822 otiosos
873 1752 1028 1822 corisules:
1048 1768 1180 1826 otiosum

108 1871 271 1930 Curionem
299 1869 458 1928 tribunum
484 1867 601 1946 plebis3
627 1887 660 1928 se
686 1875 804 1942 sutem,
833 1870 890 1946 qui
910 1867 1026 1926 Aedilis
1054 1870 1087 1928 in
1108 1889 1184 1950 con-

107 1975 198 2035 cione
226 1975 394 2034 coercuerit
418 1973 605 2032 tabernarios
633 1982 664 2030 et
681 1973 822 2050 aquarios
841 2003 879 2020 -ι
898 1991 1031 2052 quorum
1053 1973 1087 2032 hi
1108 1977 1181 2054 qni·-

107 2077 197 2148 dem,
225 2086 259 2136 ut
285 2077 349 2135 illis
373 2076 635 2154 gratificarentur,
656 2094 751 2155 aquas
772 2095 809 2134 ex
828 2075 963 2156 publicis
983 2078 1128 2139 ductibus
1148 2083 1183 2140 in

103 2183 245 2242 tabernas
271 2202 326 2261 per
351 2180 492 2240 fraudem
522 2180 669 2239 videntur·
691 2180 843 2240 derivasse
850 2202 859 2256 ;
893 2181 934 2242 cf.
962 2180 1125 2244 Frontinus
1143 2185 1182 2244 ds

106 2287 297 2367 bquaeduot.
319 2307 346 2346 o.
368 2285 418 2348 76.
440 2319 479 2330 -
500 2285 694 2364 prohibuisse
713 2288 878 2366 quominus
899 2295 1041 2347 veternus
1057 2308 1185 2370 occupa·

107 2401 156 2452 ret
174 2393 350 2470 civitatem5
369 2391 505 2479 denique
524 2391 640 2450 malum
659 2392 804 2452 nuntium
819 2383 937 2452 senisse
948 2391 987 2452 de
996 2392 1106 2454 Bibulo
1114 2394 1145 2474 ἦ.
1155 2396 1186 2458 3.

151 2495 189 2556 ln
217 2496 310 2555 altera
341 2505 428 2574 parte
453 2494 622 2574 Epistolae,
644 2495 803 2574 aliquanto
819 2498 918 2556 serius
933 2498 1066 2575 scripta,
1085 2509 1187 2558 narrat

109 2601 273 2661 Curionem
298 2601 459 2659 tribunum
487 2599 601 2678 plebia,
641 2607 759 2659 mutata
781 2599 959 2673 voluntate,
987 2601 1025 2660 ab
1055 2603 1187 2682 optime-

112 2707 196 2765 tibus
226 2705 265 2764 ad
297 2705 430 2764 Caesaris
456 2711 557 2782 partes
582 2704 736 2762 transiisse
763 2701 794 2784 5.
817 2701 845 2762 4.
896 2703 991 2764 Addit
1018 2724 1050 2766 se
1074 2724 1187 2786 cupere

109 2812 205 2889 appii
230 2797 378 2888 gratiam:
409 2807 597 2887 suadetque,
625 2805 798 2866 Dolabellae
819 2806 951 2866 affinitas
980 2810 1005 2866 si
1026 2809 1185 2887 probetur,

108 2913 274 2974 celandum
299 2913 329 2996 ᾗ.
361 2917 388 2974 5.
431 2912 552 2972 Clandit
578 2912 738 2990 epistolam
764 2910 1031 2972 commendatione
1056 2903 1188 2992 panthe-

111 3039 216 3078 rarum
237 3017 267 3098 ᾗ.
286 3019 317 3079 6.

154 3185 196 3243 De
219 3193 373 3263 ternpore,
394 3201 456 3262 quo
475 3183 587 3261 scripta
605 3182 644 3240 sit
660 3181 734 3240 haec
752 3181 900 3260 Epistola,
924 3182 1063 3242 dicemus
1077 3181 1115 3242 ad
1136 3181 1189 3262 Ep.

115 3297 312 3366 sequentem,
328 3305 408 3366 qnae
424 3283 495 3344 data
516 3295 559 3344 est
576 3285 723 3363 postridie
739 3285 830 3344 hano.

420 3450 586 3534 Cannrns
615 3449 801 3532 Croenonr
831 3449 871 3530 S.

134 3600 136 3606 s
175 3625 207 3692 1.
258 3625 332 3695 Non
352 3625 493 3712 dubito,
518 3627 602 3720 quin
624 3625 793 3719 perlatum
816 3625 859 3694 ad
885 3624 1010 3716 lesit,
1034 3623 1207 3722 Appium.

45 3819 49 3824 ,
120 3778 138 3820 a
187 3751 365 3822 Dolabella
417 3775 514 3823 reum
560 3751 711 3822 lactum:
760 3763 967 3846 senequam¹
1020 3778 1087 3824 non
1126 3778 1188 3845 ea,
1239 3743 1246 3750 ¹

122 3891 252 3974 quam²
289 3871 581 3970 existimaveraln,
619 3879 758 3949 invidie.
807 3879 925 3973 Neque
959 3882 1050 3950 enim
1084 3884 1190 3953 stulte

123 4005 279 4101 Appius:
315 4008 399 4099 qui,
437 4008 539 4078 simul
573 4018 677 4100 atque
702 4005 877 4078 Dolabella
899 4013 1037 4078 accessit
1059 4008 1104 4078 ad
1128 4011 1190 4078 triu

123 4131 256 4220 bunal,
292 4133 466 4204 introierat
501 4135 535 4202 in
573 4129 694 4202 urbem
729 4132 966 4229 triumphique
988 4120 1189 4229 postulatio·

122 4285 377 4306 m
473 4282 475 4286 ’

169 4369 210 4434 (1)
231 4397 265 4412 *-
282 4385 343 4420 sarrs
359 4371 429 4422 Crat.
464 4371 504 4440 (2)
525 4391 559 4424 Ν
576 4391 628 4440 qua
642 4375 733 4425 Lamb.
748 4375 810 4427 seu.
