2978 5186
792 383 855 443 140

253 620 262 633 ¹
289 615 357 656 cere
367 594 482 654 licebit.
513 593 589 652 Nem
607 590 686 650 libro
704 598 828 661 octavo,
847 609 938 669 quem
957 592 1071 648 seimus
1090 610 1151 650 non
1167 592 1241 651 elias
1259 614 1364 672 quam-

290 703 354 760 eius
371 699 483 759 babere
504 696 664 776 epistolas,
683 695 813 774 legimus
833 716 862 774 p.
879 691 948 754 224.
967 693 1219 777 [I.Ec.Ep.111.]
1240 696 1359 757 Estne?

289 805 374 863 cics'?
395 814 422 862 st
440 804 513 877 tibi,
533 802 611 881 quod
627 821 754 881 osgarus
765 799 916 858 discedens
927 801 1116 872 curatorum,
1134 801 1235 860 literas
1245 804 1354 862 mitto?

287 897 364 969 Item
383 929 413 988 p.
432 907 500 968 230.
523 906 562 986 [Ιι.
582 905 640 964 Ed.
661 901 712 985 Ep.
735 904 812 985 VII.]
841 903 894 963 Sic
925 915 977 976 to,
1004 905 1121 982 inquis,
1139 905 1266 966 Hirrum
1287 919 1355 968 trc-

287 1012 399 1070 ctosts'?
425 1013 459 1071 Et
489 1033 519 1091 p.
539 1009 810 1089 249.[s.13c.up.
831 1009 949 1088 XXIII]
971 1009 1134 1087 Ecquando
1150 1021 1182 1068 to
1203 1012 1356 1072 hominem

285 1117 478 1195 irreptiorem,
507 1135 595 1194 pssum
618 1124 700 1172 tcum
733 1111 785 1174 Co.
815 1112 1009 1192 Pompeium,
1028 1114 1159 1173 vidisti?
1179 1107 1232 1196 q'cs'
1250 1127 1352 1178 toams

286 1221 404 1294 turbas,
432 1223 491 1300 poi
517 1230 577 1278 tom
603 1237 705 1299 nugas
735 1228 823 1289 esset,
856 1218 1032 1276 commorit?
1072 1219 1108 1278 Et
1137 1221 1169 1279 in
1198 1224 1354 1302 principio

286 1326 391 1404 illius,
409 1346 486 1405 quae
508 1325 623 1385 librum
649 1325 740 1383 illum
769 1323 886 1383 claudit
901 1321 940 1400 [Is.
961 1322 1018 1382 Ed.
1040 1325 1092 1404 Ep.
1112 1325 1224 1407 XXVI]
1267 1327 1354 1410 Ergo

287 1451 331 1488 mc
351 1431 454 1509 potios
478 1431 513 1488 iss
544 1429 695 1508 Hisponis
708 1429 811 1506 scisse
829 1438 906 1506 troc,
928 1447 1017 1507 quom
1036 1428 1184 1504 Formiis,
1206 1451 1299 1510 quum
1319 1445 1354 1494 tu

278 1535 433 1614 profectos
450 1555 480 1594 es
498 1534 537 1592 cd
554 1531 753 1612 Pompeium?

634 1711 718 1785 Iucu,
738 1709 854 1770 Ibidem
873 1731 902 1790 p.
913 1695 993 1771 Ν231.

323 1863 443 1923 (lemica
461 1863 553 1922 etiam
574 1861 722 1942 quaedam
742 1862 887 1941 loquendi
907 1881 1016 1940 genera
1036 1863 1140 1921 mirari
1157 1866 1240 1942 apud
1260 1863 1350 1924 Cice-

282 1989 387 2028 ronem
417 1987 479 2026 non
507 1966 670 2042 debemus,
701 1986 797 2047 quum
820 1967 910 2026 etism
932 1966 1013 2026 locos
1033 1966 1192 2047 plerosque
1209 1971 1350 2048 ipsorum

279 2075 465 2133 comicorum
490 2091 546 2130 suo
573 2074 703 2132 sermoni
732 2073 958 2132 accommodare
976 2072 1151 2131 videamus:
1169 2081 1198 2130 et
1218 2073 1349 2152 quidem

280 2178 443 2237 nonnullos
462 2179 505 2236 ita
519 2184 555 2235 ut
577 2195 681 2234 eorum
698 2177 789 2234 verba
810 2178 953 2236 electore
973 2197 1028 2255 pro
1045 2177 1144 2236 verbis
1163 2179 1350 2238 eiushaberi

280 2284 404 2361 possint.
432 2271 609 2339 Cuiusmodi
626 2289 697 2338 sunt
714 2281 772 2338 ists
792 2282 880 2340 initio
901 2281 1043 2360 epistolae
1065 2281 1103 2340 14
1121 2281 1203 2361 Libri
1222 2283 1289 2343 XIV
1306 2285 1350 2344 ed

278 2387 414 2446 Atticum
435 2382 602 2442 Iteradum
621 2383 722 2440 ecdem
740 2375 801 2442 isto
819 2385 912 2442 mili.-
931 2390 1174 2467 quotusquisque
1192 2397 1238 2446 est
1259 2384 1347 2450 enim¹

276 2491 402 2572 quibis
423 2509 486 2549 esse
504 2489 622 2568 aliquid
644 2509 681 2548 ex
702 2489 857 2549 comoedia
877 2500 1031 2570 sumptum
1052 2494 1092 2552 sit
1108 2494 1344 2581 suspicaturus?

278 2598 316 2656 At
346 2607 417 2655 suut
445 2595 585 2654 Plautina
611 2593 702 2653 verba
732 2602 848 2655 tamen:
874 2613 1005 2674 quorum
1031 2597 1129 2674 prima
1161 2596 1237 2668 duc,
1256 2596 1346 2658 Itero

278 2703 362 2774 dum,
386 2703 420 2760 in
447 2701 610 2780 superioris
631 2700 774 2778 temporis
794 2700 978 2759 editionibus
1000 2701 1131 2760 maloin
1151 2721 1247 2761 unum
1266 2722 1344 2762 con-

276 2807 343 2867 fusa
363 2815 448 2867 erant
463 2804 645 2864 Itorcodcm.
687 2803 831 2863 Videmus
844 2815 987 2865 autemst
1002 2806 1157 2878 Coelium,
1174 2810 1253 2867 inter
1269 2809 1347 2869 illos

275 2931 405 2993 quorum
435 2911 578 2990 epistolae
605 2910 808 2969 Ciceronianis
824 2923 895 2968 sunt
913 2912 1079 3000 admixtae,
1099 2913 1283 2991 quibusdam
1297 2915 1345 2974 lo·

276 3017 392 3097 quendi
416 3015 577 3092 generibus
603 3015 727 3074 comicis
755 3014 917 3090 delectari,
948 3016 1044 3074 veluti
1066 3037 1162 3095 quum
1181 3018 1289 3077 scribit
1313 3041 1347 3100 p.

274 3120 345 3181 232.
365 3120 405 3199 [Is.
426 3120 482 3179 Ed.
502 3111 556 3199 up.
574 3119 653 3178 VIII.
672 3119 713 3198 1.]
731 3118 864 3198 Rofmn,
882 3120 938 3178 mel
955 3140 990 3178 cc
1010 3119 1133 3180 delicias
1153 3131 1226 3181 tuos.
1259 3123 1344 3184 ltem

272 3245 303 3304 p.
326 3223 395 3284 247.
422 3223 462 3304 [Is.
482 3224 541 3282 Ed.
560 3223 613 3302 Ep.
632 3223 721 3283 XXII.
742 3223 783 3303 l.]
802 3222 960 3302 Nunquam
979 3225 1037 3283 tibi
1056 3225 1137 3284 oculi
1157 3204 1345 3304 doluissent,

272 3332 301 3388 ss'
326 3331 362 3388 ic
382 3328 498 3409 repulso
515 3328 646 3388 Domitii
665 3328 778 3388 vultum
795 3329 931 3389 vidisses.
972 3328 1030 3390 Ille
1048 3332 1129 3390 enim
1150 3332 1243 3391 verba
1256 3353 1342 3394 sum·

271 3436 332 3514 psit
350 3455 386 3493 ex
407 3454 441 3493 eo
462 3433 607 3514 loquendi
624 3453 734 3511 genere
744 3454 805 3512 quo
815 3434 971 3494 Terentius
989 3437 1087 3496 utitur
1103 3438 1136 3494 in
1154 3436 1346 3500 Phormione

272 3539 318 3618 [V.
339 3538 368 3600 8.
389 3538 452 3620 6³.]
486 3537 556 3598 Vos
583 3540 714 3618 primum
740 3538 825 3596 lodie
842 3539 965 3618 facere,
995 3539 1073 3617 quod
1096 3557 1148 3619 ego
1165 3541 1341 3619 gaudeam,

270 3643 476 3716 Nausistrata,
498 3642 540 3702 Et
560 3644 638 3724 quod
659 3654 708 3701 too
729 3646 794 3702 os'ro
816 3644 895 3710 oculi
916 3645 1056 3705 doleam?

433 3808 561 3868 Genio.
584 3808 711 3882 Vossius,
734 3809 768 3867 ds
791 3807 886 3868 Vitiis
909 3809 1061 3869 Sermonis
1080 3809 1174 3869 Praei.

307 3974 417 4035 Habuit
443 3993 540 4040 senno
569 3975 693 4033 Latinus
722 3981 850 4034 aetatem
878 3984 1081 4045 crescentem,
1102 3974 1211 4032 babuit
1229 3975 1341 4036 decre-

265 4081 545 4156 scentem,‚habuit
565 4081 646 4138 inter
664 4089 825 4160 utromque
844 4081 980 4158 vigorem
999 4099 1098 4138 suum.
1141 4080 1341 4142 Crescentem

264 4185 369 4245 divido
397 4186 430 4242 in
457 4186 638 4262 pueritiam,
668 4193 698 4243 et
722 4184 964 4244 adolescentiam.
1006 4183 1052 4243 Ad
1080 4185 1213 4263 priorem
1233 4186 1341 4249 refero

265 4290 392 4349 Saliares
410 4289 525 4348 Numae
545 4289 703 4367 Pompilii,
733 4308 768 4346 oe
788 4288 903 4346 similes
924 4288 1070 4366 hymnos,
1092 4307 1167 4368 quos
1187 4308 1263 4348 aevo
1286 4313 1341 4371 op·

234 4449 236 4455 1
265 4395 338 4452 timo
366 4395 417 4477 'le
450 4392 617 4454 sacerdotes
639 4396 684 4453 sui
705 4393 933 4468 intelligebant:
956 4395 1028 4452 item
1047 4393 1127 4472 leges
1149 4394 1279 4470 Regias,
1302 4419 1339 4458 sc
