2978 5186
829 370 891 429 130

281 625 285 635 ,
333 583 489 634 venustate
515 577 706 655 praestitisse.
748 577 783 636 ln
811 577 934 636 Oratore
961 584 1062 637 autem
1088 577 1224 658 quaeda
1242 581 1392 638 maestitia

330 682 459 740 oratoria
477 682 540 741 sire
559 681 598 740 de
618 681 699 740 tristi
720 688 750 740 et
768 698 872 740 severo
892 679 1013 738 dicendi
1031 701 1140 758 genere
1157 695 1393 744 commemoran-

331 795 382 844 tur
399 782 443 866 (l)
464 787 598 864 apprime
629 785 666 845 ad
698 784 831 845 Caelium
863 784 1095 844 describendum
1117 787 1343 848 accommodata
1363 799 1393 846 ct

331 890 364 948 in
385 891 450 968 ipsa
464 909 643 965 causarum,
660 909 736 970 quas
757 891 834 968 egit,
853 889 957 948 indole
976 890 1074 967 posita
1091 900 1172 950 sunt.
1213 891 1393 952 Accusanda

334 994 414 1051 enim
443 1013 533 1074 quam
561 993 752 1054 defendendo
776 994 931 1052 meliorem
950 993 1043 1054 fuisse
1063 1015 1134 1054 cum
1155 1016 1192 1054 cx
1208 995 1395 1057 BrutoCice·
1487 1056 1488 1059 ,

331 1098 429 1174 nonis,
448 1107 512 1156 tum
527 1118 563 1157 ex
585 1099 719 1159 eiusdem
739 1099 870 1178 quodam
890 1099 973 1156 dioto
990 1099 1071 1177 apud
1090 1100 1314 1174 Quintilianum
1331 1121 1396 1160 ser-

333 1211 403 1261 vato
423 1203 633 1279 cognoscimus
641 1201 694 1284 (2)
725 1202 794 1263 Alio
814 1204 945 1264 Oratoris
961 1203 1029 1264 loco
1039 1202 1083 1286 (3)
1101 1205 1267 1283 significari
1285 1205 1396 1266 riden-

332 1315 384 1364 tur
404 1306 646 1384 antiquariorum
672 1306 800 1367 deliciae
819 1328 835 1368 a
854 1289 953 1368 Caelio
973 1311 1088 1388 captari
1110 1309 1226 1370 solitae.
1268 1310 1343 1370 Nam
1367 1321 1398 1369 et

333 1410 478 1489 epistolae
502 1410 766 1470 Ciceronianarum
789 1431 913 1490 corpore
936 1411 1187 1492 comprehensas,
1211 1433 1285 1473 curn
1301 1415 1397 1474 abnn-

335 1517 408 1576 dent
422 1518 556 1594 ingenuo
576 1517 698 1576 dicendi
720 1518 830 1595 spiritu
847 1525 877 1575 et
893 1515 1029 1590 Facetiis,
1048 1517 1141 1577 huius
1160 1521 1228 1578 vitii
1249 1527 1313 1578 tum
1328 1522 1400 1598 pri-

333 1641 419 1681 mum
438 1625 496 1680 orti
514 1623 697 1682 documenta
717 1623 860 1680 exhibent
872 1627 884 1693 ‚'
904 1632 934 1680 et
954 1623 1040 1681 docet
1058 1623 1138 1682 idem
1161 1625 1276 1702 ipsius,
1304 1645 1400 1704 quarn

334 1727 447 1808 profert
472 1727 698 1803 Quintilianus,
726 1728 809 1786 nocis
824 1727 918 1806 sangi
943 1724 1168 1810 originatio(4).
1209 1729 1271 1787 Hoc
1287 1731 1399 1789 vitiam

332 1836 429 1894 nimia
444 1833 611 1913 cupiditate
620 1881 629 1910 ‚
650 1842 685 1892 ut
705 1833 801 1892 solent
822 1833 953 1911 quirem
967 1831 1124 1890 ambitiose
1139 1831 1331 1905 defendunt,
1353 1837 1395 1893 ita

337 1941 531 2020 persequitur
567 1941 697 2018 scriptor
726 1937 839 2015 dialogi
868 1937 905 1994 de
936 1936 1120 2008 oratoribus,
1149 1945 1184 1995 ut
1212 1935 1341 2008 Galbam
1373 1947 1400 1997 et

332 2047 500 2106 Carbonem
531 2047 685 2104 imitatum
714 2041 811 2100 videri
837 2039 919 2098 dicat
938 2048 967 2098 et
988 2040 1047 2099 alio
1067 2041 1200 2120 quodam
1221 2041 1290 2106 loco
1309 2043 1399 2102 hian-

333 2165 395 2212 tcm
414 2154 480 2212 eins
498 2149 747 2228 compositionem
767 2144 931 2224 sordesque
948 2143 1110 2220 verborum
1131 2145 1334 2224 reprehendat
1347 2146 1398 2230 (5).

335 2257 393 2317 Sed
423 2255 578 2316 Secundus
603 2253 763 2330 utriusque
792 2250 957 2308 sententiae
977 2247 1095 2306 medius
1112 2258 1142 2306 et
1163 2249 1257 2308 iudex
1275 2255 1400 2332 aequior

335 2360 537 2439 granditatem
564 2355 761 2415 consiliorum
781 2352 971 2432 dignumque
990 2352 1113 2410 homine
1130 2352 1226 2412 libero
1248 2363 1277 2413 et
1296 2355 1401 2416 futuro

336 2466 475 2544 principe
500 2461 632 2520 civitatis
663 2457 786 2517 dicendi
799 2511 801 2522 ,
815 2476 909 2535 genus
938 2458 1025 2515 iustis
1046 2457 1189 2517 laudibus
1216 2459 1336 2519 extollit
1348 2459 1399 2543 (6)

335 2569 411 2629 Gom
424 2568 491 2627 'boc
510 2565 702 2626 consentiens
712 2562 917 2638 Quintilianus
938 2561 1070 2620 multum
1091 2563 1123 2620 in
1147 2583 1182 2622 eo
1203 2563 1299 2624 fuisse
1313 2565 1402 2642 inge-

335 2676 381 2734 nii
411 2672 529 2733 iudicat
558 2669 749 2749 dignumque
775 2667 827 2725 oui
855 2674 885 2724 ot
912 2684 997 2724 rnens
1025 2666 1180 2725 melioret
1201 2668 1402 2747 vitalongior

336 2779 511 2857 contigisset
522 2773 575 2858 (7)
604 2775 712 2854 ltaque
732 2772 844 2850 dignus
863 2772 891 2829 ei
908 2772 990 2828 risus
1011 2779 1055 2828 est
1065 2813 1074 2845 ,
1093 2791 1130 2830 cx
1147 2773 1238 2846 cuius
1256 2775 1402 2832 orationi-

335 2887 395 2946 bus
423 2882 561 2962 exempla
578 2880 784 2940 studiosorum
811 2876 975 2936 imitationi
994 2877 1025 2932 in
1047 2877 1154 2953 primis
1168 2876 1279 2936 idonea
1298 2897 1404 2937 excer-

336 2997 421 3071 peret
432 2986 485 3070 (8).
516 2987 661 3064 Excerpta
682 3003 719 3043 ex
737 3002 772 3041 eo
793 2981 853 3040 sibi
870 2981 961 3039 missa
979 2998 1043 3038 esse
1063 2979 1099 3043 ll.
1121 2979 1294 3042 Antoninus
1310 2982 1402 3044 Fron-

335 3097 402 3154 toni
419 3092 524 3152 scribit
535 3086 588 3171 (9)
630 3089 698 3147 Post
719 3088 803 3145 hunc
822 3106 839 3144 a
856 3084 998 3144 studiosis
1020 3084 1117 3143 lectus
1138 3096 1168 3145 et
1189 3088 1326 3167 exemplo
1347 3088 1403 3147 ha-

333 3201 420 3258 bitus
449 3215 511 3255 non
537 3193 675 3252 videtur:
703 3211 774 3249 nam
800 3190 892 3249 rerba
913 3207 983 3248 sane
1003 3189 1107 3270 aliqua
1125 3203 1249 3270 propter
1268 3193 1403 3272 qualem·

335 3315 460 3383 cunque
476 3300 623 3359 rationem
636 3295 863 3374 grammaticam
881 3314 896 3352 a
915 3283 1066 3354 Prisciano
1084 3295 1214 3375 aliisque
1236 3299 1308 3356 artis
1324 3299 1403 3356 scri-

335 3411 476 3494 ptoribus
493 3406 604 3486 apponi
621 3401 770 3461 videmus.
811 3399 836 3460 A
856 3400 993 3459 doctriua
1010 3399 1127 3459 Caelius
1143 3421 1205 3460 non
1223 3411 1285 3460 tam
1295 3411 1405 3461 natura

336 3527 368 3579 ct
396 3513 522 3576 iudicio
540 3509 754 3576 abhorruisse,
780 3523 870 3583 qaam
892 3503 1071 3564 turbulento
1091 3507 1215 3583 ingenio
1233 3515 1264 3565 et
1284 3506 1407 3566 luxuria

342 3617 574 3646 Μ

387 3677 427 3746 (1)
456 3673 511 3725 cte.
535 3667 578 3721 Or.
602 3667 652 3730 tlt,
670 3666 713 3715 53.
735 3693 770 3704 -
793 3664 835 3740 (2)
855 3621 1068 3732 Quintillae,
1086 3668 1179 3722 69.-
1198 3667 1238 3736 (3)
1259 3667 1313 3720 cia.
1334 3667 1405 3720 Orat.

335 3769 385 3833 5⁰2
407 3761 465 3816 ¹⁶9·
482 3789 515 3800 ·“·
536 3757 576 3825 (4)
597 3755 706 3823 ΩΠῙΠΙῙῙ·
721 3755 743 3804 Ῑ·
761 3754 795 3818 ⁰2
814 3754 855 3804 29·
881 3755 1080 3806 parricidarum
1096 3757 1184 3822 idem,
1203 3777 1251 3828 pro
1263 3760 1411 3826 parricidio

335 3845 645 3930 putc‚diritsecundum
661 3843 750 3912 Quint.
765 3844 787 3896 Ι.
803 3843 837 3908 6,
854 3844 903 3894 42:
920 3847 1029 3896 minime
1045 3849 1116 3897 enim
1129 3847 1271 3918 probabilis
1282 3847 1413 3916 Spaldin-

336 3951 373 4018 gii
397 3941 523 3997 sententia
546 3935 579 3987 de
603 3935 736 4004 Antipatro
758 3933 882 3995 historico
900 3933 1082 4002 intelligentis:
1102 3935 1205 3988 medius
1218 3940 1290 3988 enim
1305 3939 1416 4004 ponitur

336 4041 404 4090 inter
423 4027 543 4100 aequales
563 4023 725 4087 llessallam,
745 4023 906 4087 Pollionem,
927 4021 1044 4076 Calvum.
1061 4053 1094 4064 -
1113 4025 1153 4093 (5)
1173 4025 1238 4076 llisl.
1257 4027 1289 4076 de
1304 4023 1350 4076 0r.
1372 4026 1414 4078 18.

337 4139 363 4180 aa
383 4123 425 4176 rt.
447 4147 481 4160 -
509 4117 548 4187 (a)
574 4113 593 4166 l.
620 4131 643 4163 a.
665 4131 688 4164 c.
713 4113 757 4163 25.
771 4103 806 4152 -ὲ
827 4112 866 4179 (7)
886 4111 995 4182 Quintil.
1010 4113 1041 4166 x.
1061 4113 1417 4184 1,115.-(8)Qusmi1,

338 4215 383 4270 W·
400 4213 435 4276 2’
456 4207 513 4259 12³·
528 4223 554 4256 Ὗ·
571 4204 646 4256 inm·
662 4230 697 4242 ⁸*
717 4202 757 4270 (9)
776 4220 802 4270 Ρ·
821 4202 863 4252 32·
877 4202 920 4251 ed·
934 4203 1017 4253 Berol.
1034 4203 1090 4272 [ed.
1109 4204 1226 4255 Francos.
1242 4205 1270 4255 P.
1286 4205 1309 4254 1.
1321 4221 1354 4271 p.
1374 4204 1419 4254 63.

340 4305 395 4360 aa
417 4297 468 4364 tegi
491 4294 641 4344 Coelianum
664 4295 830 4358 excerptum,
852 4291 925 4359 quod
948 4295 1058 4360 misisti,
1076 4311 1122 4347 neo
1139 4295 1222 4360 legam
1233 4333 1240 4362 ,
1253 4295 1420 4363 priusquam

341 4405 428 4446 erasm
445 4389 497 4455 ipss
514 4387 624 4434 asamar
635 4379 740 4446 saera]
