3012 5182
833 381 874 440 48

321 598 393 668 llos
428 592 581 664 nondum
612 591 758 677 lecerat,
789 611 897 682 quum
926 588 1074 682 priorem
1105 599 1238 682 partam
1264 593 1398 686 epista-

321 724 397 793 lae¹
424 720 553 814 scripsi.

375 848 409 916 5.
460 843 592 915 Amabo
617 854 673 933 te,
710 841 869 936 siquid,
895 841 990 935 quod
1013 865 1099 937 opus
1124 841 1253 934 luerit,
1275 841 1395 940 Appio

325 977 448 1065 facies,
470 973 588 1068 ponito
610 995 666 1042 me
691 972 727 1040 in
750 971 893 1064 gratias
942 968 992 1039 De
1015 968 1191 1041 Dolabella
1218 972 1398 1066 integrum

325 1107 391 1177 tibi
423 1125 571 1175 reserves
582 1116 608 1191 ³,
646 1099 793 1170 suadeo:
826 1110 861 1170 et
884 1098 966 1168 huic
991 1099 1066 1188 rei,
1087 1098 1132 1168 de
1154 1077 1223 1193 qna
1247 1101 1395 1197 loquor,

325 1247 360 1306 et
386 1230 543 1326 dignitati
566 1240 646 1300 tuae
668 1227 917 1322 aequitatisque
952 1227 1102 1320 opinioni
1124 1225 1190 1300 hoc
1214 1231 1260 1299 ita
1284 1229 1397 1302 facere

323 1390 363 1438 ex
390 1363 472 1434 edit.

364 1391 411 1562 lii.
462 1489 577 1581 Turpe
620 1485 685 1555 tibi
729 1483 795 1553 erit
837 1482 1020 1577 pantheras
1055 1482 1201 1554 Graecas
1225 1508 1290 1556 ma
1324 1509 1398 1558 non

325 1619 490 1692 lrabere.⁴

313 1781 567 1797 m

370 1855 410 1923 (1)
430 1881 465 1894 -
488 1870 526 1920 ep.
545 1857 651 1918 partem
671 1852 739 1904 Crat.
765 1851 857 1902 lamb.
894 1851 934 1920 (2)
956 1880 991 1892 —
1012 1853 1174 1918 ingratiam
1191 1851 1260 1905 Crat.
1281 1854 1347 1905 via.
1365 1857 1394 1907 2.

324 1943 416 1997 Lsmh.
453 1943 493 2012 (3)
518 1971 552 1982 -
576 1944 707 2008 integram
732 1943 781 1992 tibi
798 1959 852 1993 rem
865 1931 950 1992 sarves
967 1941 1058 1993 lamb.
1097 1943 1136 2011 (l)
1154 1972 1187 1982 -
1198 1945 1396 2011 pantherarum

322 2051 417 2101 greges
437 2050 477 2084 rna
491 2049 545 2084 nan
559 2033 660 2083 habere.
681 2032 755 2082 Vale.
772 2030 881 2096 Lamb.;
897 2034 953 2100 ipsa
967 2041 1055 2100 postea
1069 2030 1233 2100 improbarit.
1268 2032 1396 2086 Getarum

323 2125 419 2177 haereo
443 2125 470 2172 in
491 2122 630 2188 pantheris
653 2122 769 2171 Graecis.
804 2119 945 2171 Volabalne
963 2121 1049 2189 potius
1067 2121 1226 2189 Cibyratas,
1253 2131 1280 2174 ut
1301 2123 1395 2189 Epist.

323 2214 349 2264 l.
367 2223 393 2264 at
415 2211 440 2262 9.
465 2211 507 2279 [h.
530 2210 580 2261 nd.
599 2211 653 2277 Ep.
681 2207 713 2259 V.
740 2210 765 2259 5.
791 2219 817 2259 st
842 2207 900 2260 vll.
923 2207 990 2277 3.]?
1017 2207 1101 2260 l'acile
1125 2209 1207 2261 semel
1225 2210 1275 2262 hoa
1295 2228 1395 2263 nomen

325 2301 456 2369 corrumpi
475 2300 567 2368 potuit.
600 2297 658 2349 Nisi
685 2307 772 2349 tamen
793 2315 827 2349 ax
852 2315 901 2350 usu
924 2298 1050 2368 loquendi
1068 2301 1183 2352 Graecae
1198 2310 1255 2352 tam
1271 2315 1393 2370 oppona-

323 2389 417 2443 bnntur
429 2391 578 2468 Africanis.
1390 2397 1393 2406 ·
