2978 5186
598 393 659 455 145

83 598 218 658 Atticum
259 619 353 659 unum
387 605 560 681 exceperis,
590 606 663 662 satis
689 613 844 682 perspecta
868 621 1008 682 ‚unquam
1022 602 1140 673 'fuereg
1222 679 1224 684 Ι

81 703 218 782 praefero
237 705 376 784 epistolas
393 706 432 765 ad
451 707 640 768 Familiares:
660 709 794 788 itemque
809 727 876 782 eas,
895 726 972 788 quae
992 706 1136 782 aanin-

82 818 146 868 tum
177 810 310 870 Fratrem
338 819 473 870 exaratae
505 823 592 872 sunt:
618 815 712 893 inque
740 813 788 872 his
815 815 888 892 ipsis
915 823 1020 872 tamen¹
1037 812 1135 870 omitti

79 923 206 990 possunt
227 933 293 988 eac,
313 935 391 994 quae
411 937 428 976 a
448 916 565 990 Coelio,
591 929 620 976 et
636 919 761 990 Tirone,
779 929 808 977 et
821 919 962 978 Cicerone
978 915 1053 974 Filio
1066 915 1136 975 stilo

80 1018 278 1094 duriuscule,
315 1023 535 1099 compressione
571 1041 670 1081 rorum
704 1022 805 1097 brevi,
828 1031 856 1082 et
880 1021 919 1080 ob
945 1039 1010 1078 eam
1039 1021 1134 1098 ipsam

80 1144 200 1184 oausam
239 1126 394 1185 interdum
422 1126 605 1186 subobscuro
639 1129 824 1206 conscriptae
848 1107 935 1202 sunt3
964 1125 1134 1202 seligendae

81 1249 171 1304 vero,
198 1249 273 1310 quas
300 1233 332 1288 in
346 1231 562 1292 Proconsulatu
575 1233 711 1310 scripsit:
733 1233 770 1289 iis
786 1233 867 1290 enim
891 1225 969 1288 nihil
982 1229 1058 1288 solet
1070 1247 1134 1288 esse

82 1334 265 1411 elegantius,
287 1329 504 1416 nihilomnino
518 1339 636 1396 tersius.
676 1336 810 1416 Denique
825 1335 978 1413 seligenda
995 1343 1038 1393 est
1053 1335 1135 1392 eius-

83 1439 164 1496 modi
189 1438 295 1514 editio,
318 1437 353 1498 in
364 1461 437 1522 ¹qua
454 1440 562 1500 ordine
585 1439 800 1519 Chronologico
815 1440 958 1518 epistolae
974 1439 1135 1519 dispositae

80 1553 165 1618 sunt,
186 1543 285 1622 qualis
302 1553 346 1602 est
359 1544 433 1602 ordo
447 1543 634 1604 Siberianusa

204 1723 245 1782 lo.
267 1723 363 1782 Gerra.
384 1723 555 1794 linmccrur,
576 1721 778 1784 Fundamenta
798 1727 862 1784 stili
882 1725 1017 1787 cultioris

454 1829 560 1888 r.111.
583 1848 609 1888 ο.
632 1829 658 1888 1.
677 1827 707 1912 ς.
730 1832 756 1890 5.

116 1977 220 2038 Merito
241 1977 391 2037 Ciceronis
411 1978 553 2056 epistolae
576 1980 608 2046 in
632 1979 773 2039 manibus
798 1993 902 2050 erunt,
925 1981 958 2038 in
976 1979 1087 2059 quibus
1104 1989 1134 2037 ot

81 2082 227 2161 elegantia
238 2093 268 2142 et
279 2100 325 2142 ars
335 2083 487 2162 periodica
497 2093 579 2143 tanta
592 2085 729 2162 adparet,
745 2094 780 2143 ut
794 2085 967 2165 facundiam
982 2105 1018 2144 ex
1031 2103 1134 2144 earum

79 2187 207 2247 lectione
234 2181 270 2246 se¹
288 2186 468 2267 adsequutos
493 2188 584 2247 multi
601 2187 760 2246 fateantur.
772 2219 814 2232 ·-
850 2189 965 2249 Selectu
983 2201 1081 2266 tamen
1103 2198 1134 2248 et

16 2325 17 2336 Ι
78 2292 182 2351 ordine
197 2292 247 2350 hic
262 2310 384 2370 qnoque
398 2309 474 2370 opus
488 2301 540 2352 est.
553 2291 655 2351 Merito
671 2311 742 2370 crgo
753 2289 791 2372 1.)
801 2294 932 2371 epistolis
942 2293 982 2352 ad
991 2293 1134 2366 Atticam,

78 2399 107 2454 in
125 2397 238 2476 quibas
255 2397 358 2455 Cicero
375 2401 514 2465 ἀττικίζει,
536 2395 671 2475 praefero
686 2397 823 2475 epistolas
840 2397 880 2455 ad
899 2397 1057 2473 Diversos,
1077 2417 1133 2458 nec

77 2523 138 2562 nou
161 2503 199 2560 ad
221 2501 363 2584 Quintum
372 2503 510 2581 fratrem.
531 2502 583 2584 ll.)
603 2506 635 2563 in
657 2505 705 2565 his
722 2505 795 2583 ipsis
811 2506 910 2562 omitti
927 2513 1052 2582 possunt
1065 2507 1133 2578 eae,

53 2674 57 2682 ¹
79 2627 159 2686 qnae
177 2627 194 2666 a
209 2605 324 2680 Coelio,
341 2626 397 2666 nec
417 2626 476 2666 non
492 2629 508 2666 a
522 2607 863 2688 Tironescriptaesunt5
882 2609 948 2689 111.)
962 2609 1133 2686 religendas

76 2732 149 2772 vero
168 2713 200 2770 in
220 2712 325 2790 primis
341 2711 500 2789 epistolae,
522 2731 597 2790 quas
621 2714 653 2770 in
680 2713 895 2792 proconsulatu
922 2709 1050 2791 scripsit.
1090 2713 1132 2770 lis

77 2821 159 2877 enim
175 2807 254 2876 nihil
275 2815 350 2874 solet
372 2835 435 2876 esse
456 2799 641 2894 elegantius

166 2967 264 3026 Terra.
286 2965 366 3026 Fano,
385 2965 531 3052 Bramme,
553 2964 591 3025 M.
616 2963 705 3046 Pallii
720 2965 869 3026 Ciceronis
884 2964 1044 3046 Epistolar.

234 3069 322 3128 Libri
342 3069 428 3130 XVI.
450 3069 539 3152 (Lips.
562 3069 662 3152 1790.)
682 3061 776 3131 Praei.
798 3072 836 3130 ad
857 3071 888 3131 L.
910 3069 986 3130 Vlll.
1016 3109 1024 3128 0

461 3174 490 3234 Τ.
511 3173 535 3234 Ι.
555 3197 585 3254 p.
606 3174 665 3236 654
686 3196 752 3258 sqq.

115 3326 243 3386 Librum
266 3321 422 3398 octavum,
441 3329 496 3404 qui
513 3326 604 3386 Coclii
624 3327 662 3386 ad
680 3328 850 3387 Ciceronem
876 3325 1015 3405 epistolas
1037 3328 1132 3385 conti·

73 3441 141 3509 net,
160 3433 301 3512 pluribus
316 3441 428 3490 scatere
446 3433 529 3490 vitiis
547 3432 752 3506 librariorum,
769 3451 864 3510 caque
879 3432 945 3490 labe
955 3450 1057 3492 omnes
1067 3430 1131 3493 fere

75 3538 219 3609 Codices,
238 3557 277 3618 ne
295 3537 512 3615 antiquissimis
530 3536 652 3615 quidem
669 3539 814 3614 exeeptis,
835 3534 962 3594 infectos
978 3555 1053 3607 esse,
1078 3535 1131 3594 Vr-

74 3663 186 3702 cronms
202 3645 264 3702 iam
273 3642 380 3700 docuit
396 3642 428 3698 in
445 3631 630 3719 praefatione
649 3641 721 3700 huic
742 3639 819 3698 libro
838 3642 1022 3718 praemissa,
1043 3643 1131 3702 ouius

71 3748 170 3807 verba
191 3757 277 3805 sunt:
305 3743 455 3824 Epistulas
485 3742 523 3801 M.
551 3741 643 3802 Caelii
677 3737 880 3802 aeistimamns
906 3765 959 3804 aas
986 3746 1131 3806 staediosos
1181 3763 1208 3814 τ’

71 3851 336 3921 animadvertisse,
360 3870 447 3928 qnam
474 3850 508 3906 in
533 3848 662 3928 vulgetis
682 3849 833 3907 codicibns
850 3849 1001 3906 mendosas
1019 3859 1046 3906 et
1064 3869 1140 3908 eor--

71 3967 182 4037 ruptae
208 3965 321 4014 essent.-
350 3974 416 4012 enm
440 3963 536 4012 antem
553 3973 611 4010 non
627 3953 755 4010 eiusdem
773 3954 955 4033 integritatis
968 3955 1003 4010 in
1019 3954 1066 4012 lais
1085 3975 1130 4012 ce·

67 4073 188 4120 tnsterm
217 4061 344 4120 codicem
368 4055 558 4142 (Medioeum)
575 4058 798 4128 invenerimus,
819 4077 907 4136 qnam
926 4059 961 4114 in
980 4055 1130 4117 Ciceronis

69 4164 212 4248 epistolis
231 4165 315 4223 illum
341 4165 464 4222 retinere
489 4163 636 4236 vidimus,
666 4165 721 4220 etsi
746 4162 847 4220 maltis
861 4161 1000 4241 partibus
1028 4163 1131 4221 nsclior

65 4275 137 4332 illis
157 4272 218 4330 sit:
239 4271 345 4330 deserti
362 4291 396 4330 ea
414 4289 465 4348 ope
483 4289 542 4327 aon
552 4271 705 4349 potnimns
723 4287 756 4326 en
773 4287 876 4326 sanare
897 4268 1018 4326 vulnera
1028 4312 1036 4342 ,
1056 4285 1128 4346 qnae
1220 4319 1223 4328 .

63 4386 225 4458 apparent.
248 4410 286 4423 -
307 4375 504 4436 Conferantur
529 4377 618 4436 etiam
648 4375 711 4433 eius
734 4382 822 4432 notae
844 4373 881 4432 ad
905 4373 1043 4432 ultimam
1057 4371 1127 4430 libri

933 4478 1023 4542 ·1o
