2978 5186
777 358 840 448 tea

253 614 258 622 ‘
283 600 376 660 dubie
417 600 598 678 scripturam
632 599 787 678 antiquam
818 620 854 658 ae
884 601 954 678 quai
984 599 1170 678 satisfaceret
1207 598 1326 657 indicat

278 691 364 784 'quod
380 706 439 762 iam
459 702 619 780 Bengelius
637 711 725 762 acute
739 703 818 762 vidit
834 715 864 763 et
884 706 928 764 ita
943 714 1025 764 reete
1045 702 1151 762 edidit.
1201 702 1344 762 Bracaros.

320 807 545 866 eccaadat't.
592 809 827 888 Antiquissimus
859 808 911 867 ille
947 809 1051 874 Medic.
1079 808 1183 866 Codex
1201 807 1346 865 scaadae't

277 912 369 972 habet
398 931 453 990 pro
475 911 635 969 eccoadait
644 935 658 983 ,·
676 913 759 990 quod
787 916 812 970 si
833 915 1032 992 compositum
1058 913 1185 972 verbum
1217 913 1251 970 in
1281 931 1343 972 usu

277 1026 340 1088 est,
364 1036 443 1075 ¹nem
484 1024 528 1075 est
564 1016 737 1075 mirandum
776 1017 960 1097 quandoque
984 1017 1130 1096 simplex,
1156 1017 1212 1076 etsi
1239 1018 1341 1075 rarius

241 1111 242 1122 ¹
275 1122 467 1192 inveniatur,
486 1139 503 1179 a
521 1119 621 1180 Coelio
640 1123 816 1199 praesertim
827 1165 836 1195 ,
853 1121 1143 1200 usurpatumfuisse.
1185 1121 1341 1182 V1erca1as.

319 1259 381 1270 --
401 1259 462 1270 -
503 1225 649 1284 Gruterus
679 1225 741 1284 edit
770 1226 910 1297 canduit,
940 1225 993 1284 sed
1023 1227 1115 1286 istum
1131 1232 1277 1302 ἀρχαϊσμὸν
1297 1225 1343 1285 af-

239 1337 241 1350 '
274 1332 402 1394 foetasse
421 1331 576 1401 Coelium,
593 1331 662 1410 quie
680 1329 800 1402 eredat,
817 1340 852 1389 ut
872 1329 992 1408 pridem
1007 1329 1171 1390 obsoletam
1188 1351 1295 1390 rocem
1306 1332 1343 1390 iu

276 1436 509 1496 usumvoluerit
528 1435 688 1494 revocare?
801 1503 805 1514 Ι
1192 1437 1340 1496 Garsvms.

316 1561 396 1598 eam
433 1548 694 1597 consectarer.
743 1538 800 1598 Pro
835 1539 1016 1599 irtssotarer:
1041 1539 1178 1617 aua-logia
1204 1543 1338 1618 patitur:

274 1645 411 1723 exempla
431 1646 639 1704 eontrariora.
680 1643 774 1701 Aliud
789 1642 857 1702 vide
874 1644 907 1700 in
925 1643 1014 1724 Clare
1033 1643 1083 1722 [ad
1104 1645 1164 1704 Aa.
1185 1644 1226 1703 ll.
1249 1643 1340 1706 18.1.

274 1749 394 1830 Fufium
404 1748 582 1808 clausoribus
591 1758 620 1805 et
631 1748 777 1804 coaeicc'is
787 1746 924 1805 caathitis
935 1750 1161 1831 consectantem]
1211 1749 1338 1811 Eranam.

311 1853 392 1936 53.
434 1854 578 1912 cautla
607 1853 690 1933 lege
718 1852 817 1911 rottei
840 1864 1038 1932 pcaereat
1057 1865 1337 1916 accusatorem.

277 1959 313 2018 Ut
335 1959 529 2018 subornarent
560 1967 779 2035 accusatorem,
809 1960 863 2037 qui
889 1958 954 2018 ulla
971 1958 1102 2036 legente
1121 1969 1221 2038 posset
1242 1979 1339 2020 aceu-

270 2085 344 2126 sare.
386 2065 443 2124 Pro
465 2083 576 2142 parcere
606 2071 805 2121 accusatorem
836 2061 940 2121 Cicero
971 2062 1046 2122 dicit
1072 2062 1263 2143 frequentius
1280 2079 1337 2144 'ap-

264 2187 375 2248 poaere
406 2177 618 2242 accusatorem,
648 2175 681 2224 ut
710 2166 735 2223 V
761 2167 792 2225 in
825 2167 947 2226 Verrem
979 2166 1018 2246 [e.
1040 2166 1089 2228 41.
1112 2167 1192 2248 108.]
1235 2169 1337 2249 Appa-

269 2275 355 2330 aitar
385 2271 432 2333 tis
460 2281 557 2343 tamea
581 2279 750 2345 accusator,
784 2269 915 2328 Naeuius
946 2271 1054 2350 Turpio
1085 2273 1226 2351 quidam,
1261 2277 1337 2354 qui,

270 2375 344 2436 Caio
375 2375 530 2434 Sacerdote
553 2383 704 2453 praetore,
730 2375 914 2432 iniuriarum
931 2375 1087 2435 damoetas
1107 2387 1157 2436 est.
1186 2388 1216 2436 et
1238 2379 1279 2438 lv
1300 2381 1336 2441 io

267 2481 391 2543 Verrem
412 2479 450 2559 [e.
470 2479 517 2540 19.
540 2477 602 2558 40.]
644 2475 777 2557 Appoait
806 2479 841 2536 de
858 2481 921 2538 sais
942 2482 1066 2540 canibus
1080 2467 1259 2562 *quemdam
1278 2486 1335 2563 qui

268 2586 369 2662 dicat,
401 2605 432 2644 se
471 2583 637 2646 Diodorum
671 2581 850 2640 Melitensem
880 2587 925 2641 rei
956 2586 1096 2665 capitalis
1120 2607 1203 2646 reum
1225 2588 1336 2667 facere

267 2690 349 2749 cells.
371 2722 411 2736 -
431 2689 546 2748 Parcere
574 2699 675 2748 tamen
705 2690 737 2746 in
768 2689 826 2748 hoe
850 2709 942 2750 sensu
972 2693 1062 2751 etiam
1089 2693 1239 2770 accipitur
1265 2695 1333 2754 iuI

266 2796 347 2856 Verr.
372 2795 411 2875 [a.
432 2795 482 2856 29.
503 2793 566 2876 74.]
609 2792 776 2852 Accusator
787 2845 791 2868 ζ
793 2796 921 2879 portitor
940 2797 1017 2854 eicis
1039 2795 1192 2854 Romanae
1212 2796 1247 2854 de
1267 2817 1336 2856 cre-

266 2901 413 2960 ditoribus
429 2883 706 2979 Lampsacenorum.
1070 2907 1072 2926 ³
1185 2903 1332 2964 Gatrvras.

303 3041 365 3052 -
384 3040 445 3052 —
484 3003 629 3065 Usitatius
657 3015 841 3084 apponerent.
879 3005 937 3065 Sed
956 3015 994 3066 ‘et
1012 3006 1092 3066 illud
1112 3017 1239 3069 rectum.
1260 3007 1331 3068 vid.

242 3113 360 3172 'Clario
382 3111 467 3189 [sutt.
486 3109 537 3171 28.
557 3108 693 3168 Iudicem
703 3110 836 3190 portare]
1206 3113 1331 3174 hasam

279 3215 401 3273 aPoto
430 3214 595 3272 lacertas.
637 3213 733 3272 Antea
745 3214 946 3294 praelocutos.
988 3217 1068 3296 Ego,
1097 3235 1168 3277 cum
1193 3218 1227 3276 in
1247 3223 1331 3277 anti-

241 3323 331 3401 ›quis
366 3320 453 3379 libris
491 3319 626 3377 viderem
653 3317 731 3376 Pale
761 3319 889 3392 locatas,
918 3320 1081 3399 legendum
1113 3324 1218 3400 putavi
1247 3323 1327 3382 Pola

263 3425 404 3484 elocutos.
451 3425 552 3484 Posset
590 3424 680 3482 etiam
719 3422 812 3482 Palae
836 3424 973 3496 locatos,·
1007 3425 1039 3483 id
1067 3435 1129 3502 est,
1155 3427 1207 3486 vix
1236 3425 1328 3486 Palae

261 3530 378 3590 dixerat
391 3503 523 3608 Appius,
541 3547 652 3606 cupere
674 3546 706 3585 ee
718 3529 794 3586 mihi
813 3543 1015 3588 accusatorem
1035 3550 1156 3608 ponere.
1197 3531 1272 3590 Nam
1295 3541 1327 3592 et

259 3627 351 3714 paulo
379 3644 449 3692 aute
478 3631 517 3712 [5.
549 3631 592 3712 2.]
635 3632 753 3691 Coelius
781 3653 850 3692 eum
884 3634 977 3694 dandi
1004 3654 1076 3694 casu
1095 3636 1177 3695 idem
1196 3635 1344 3697 verbum·

263 3739 441 3800 coniunxit:
472 3736 593 3808 amieis,
624 3735 743 3816 iuquit,
768 3735 881 3796 locatas
910 3759 983 3797 sara.
1222 3739 1328 3802 thr.
1397 3741 1404 3750 “

286 3843 328 3924 5.
350 3842 378 3902 4.
422 3840 511 3900 Scis
532 3839 708 3898 Domitio
730 3842 829 3900 diem
849 3844 986 3900 timori
1005 3864 1097 3902 esse.
1139 3845 1324 3924 Intelligunt

259 3950 337 4008 diem
368 3950 570 4022 comitiorum,
602 3948 714 4027 quibus
743 3957 926 4026 auguratum
952 3959 1084 4028 peteret,
1104 3969 1140 4008 ex
1158 3950 1248 4008 initio
1270 3951 1321 4030 Ep.

256 4052 389 4132 xlv.⁴[h.
406 4053 458 4110 Ed.
475 4053 578 4132 xxia]
620 4053 676 4111 Sed
694 4053 737 4110 sie
761 4052 824 4110 dies
842 4053 978 4113 absolute
997 4056 1047 4112 vix
1069 4054 1193 4113 dicitur.
1255 4053 1322 4114 Eur.

285 4231 287 4236 ,
290 4160 387 4240 proi
394 4157 443 4217 ad
451 4178 474 4216 e.
516 4159 572 4216 Pro
586 4158 738 4237 periodo:
762 4158 846 4237 qaod
871 4177 958 4238 saepe
982 4159 1137 4218 Terentius
1159 4157 1276 4237 [deaut.
1297 4159 1323 4218 1.

254 4265 284 4325 2.
315 4264 361 4324 13.
391 4263 511 4321 Phorm.
541 4263 579 4321 ΙΙ.
609 4262 638 4322 3,
671 4262 733 4342 35.]
764 4272 793 4322 et
822 4262 981 4326 Lueretius
1010 4262 1077 4342 [111.
1108 4262 1197 4326 1048.
1232 4263 1325 4324 1066.

252 4370 301 4428 lv,
324 4367 406 4446 998]
430 4378 626 4446 usurparunt.
1217 4368 1322 4429 dieser.

724 4507 852 4536 -ooo-
876 4535 879 4548 x
