2978 5186
112 612 163 661 tas
174 625 189 674 ,·
207 601 247 660 ad
267 609 436 660 extremum
457 597 527 656 daec
549 619 572 660 r.
590 600 624 658 de
644 621 671 678 q.
692 599 810 680 loquor,
832 604 921 681 quia,
938 605 963 661 si
990 605 1179 684 divulgetur,

106 707 205 767 multi
244 704 342 766 multa
376 705 544 764 machinari
576 707 708 783 possint,
736 727 774 766 nc
800 707 872 766 illae
899 711 1033 787 nuptiae¹
1051 712 1180 772 eoncili-

109 821 210 870 entur.
580 885 584 892 .
1054 816 1180 878 Wsrsrs.

150 913 339 974 simultas
371 913 451 972 tibi
483 932 557 972 non
585 913 752 992 fnisset.
801 917 857 975 Pro
889 918 918 975 si
949 938 1012 976 non
1039 921 1179 998 fnissst;

109 1041 205 1100 qnam
236 1021 482 1079 coniunctionem
510 1021 650 1078 omittere
669 1021 774 1080 solent.
817 1021 934 1082 Plinius
959 1023 1011 1102 Ep.
1034 1025 1056 1084 l.
1078 1024 1125 1086 12.
1142 1026 1177 1088 '8.

108 1123 251 1184 Dedisses
277 1124 348 1182 isaie
376 1124 476 1182 animo
501 1144 562 1202 per
579 1143 703 1204 corpses,
713 1126 841 1204 fecisset
861 1129 939 1206 quod
958 1130 1084 1209 optabat.
1115 1132 1175 1192 Sal·

111 1229 186 1290 lust.
216 1229 284 1306 lug.
313 1249 340 1287 c.
372 1227 422 1288 64.
454 1229 583 1288 dimidie
597 1251 671 1310 pars
701 1234 848 1290 caercittss
867 1233 928 1290 sibi
941 1237 1178 1313 permitteretur,

68 1387 69 1392 ,
106 1336 217 1416 paucis
246 1332 350 1392 diebus
380 1333 559 1414 Iugurtham
577 1335 612 1391 in
632 1337 745 1394 cetenis
764 1335 947 1397 'lectitassem
989 1341 1035 1398 lta
1052 1340 1178 1420 quidem

108 1439 246 1518 vulgati,
262 1438 316 1498 sed
335 1439 408 1526 mss.
429 1439 546 1497 addunt
566 1440 604 1497 si.
1055 1447 1177 1506 Coarms.
1275 1457 1279 1466 “

145 1579 212 1592 —-
229 1575 293 1588 -
332 1543 539 1604 Necessarium
570 1565 631 1604 non
669 1555 713 1604 est
744 1551 776 1598 τὸ
804 1548 851 1621 si,
881 1547 963 1626 quod
993 1547 1043 1606 hie
1073 1551 1176 1610 adiici·

107 1659 173 1709 unt.
197 1649 311 1708 Graeca
338 1656 382 1730 est
409 1649 531 1708 relativi
554 1647 704 1724 brevitas,
733 1669 806 1728 pro:
837 1670 904 1711 cans
923 1671 975 1728 so,
995 1653 1119 1714 liberius
1138 1687 1178 1703 —·-

106 1763 197 1829 esset,
218 1773 286 1811 cnm
306 1773 333 1832 q.
352 1763 408 1812 ete.
450 1752 498 1810 Sic
526 1773 588 1812 non
616 1754 746 1814 sentitur
773 1756 866 1816 huius
885 1759 1056 1835 particulae
1076 1779 1178 1820 neces·

107 1861 190 1922 sitas.
1027 1911 1031 1918 .
1052 1863 1176 1924 Wersar.

145 1963 262 2024 Illud
282 1963 438 2022 ‘mihin
469 1962 672 2023 discessit.
721 1965 837 2024 Sensim
872 1967 930 2026 hae
956 1970 1107 2028 sententia
1136 1971 1175 2029 ad

109 2071 201 2130 aliern
235 2051 380 2149 epistolae
413 2078 532 2147 partem
559 2071 655 2128 oratic
684 2068 852 2142 delabitur,
876 2081 910 2130 ut
939 2091 1001 2130 non
1028 2075 1178 2134 sentiatur

108 2177 266 2257 transitus.
307 2159 380 2232 illibi
410 2173 469 2231 hoc
497 2193 559 2232 uon
583 2174 736 2252 probatur.
779 2175 837 2250 Qui
865 2177 931 2234 sine
959 2176 1039 2236 iusta
1057 2180 1178 2256 cogita·

109 2283 209 2356 tione,
238 2289 272 2338 ut
292 2279 333 2337 ita
365 2277 483 2350 dicam,
513 2279 607 2356 legit,
638 2280 718 2338 lmic'
744 2281 814 2339 talis
844 2281 983 2340 transitio
1002 2292 1087 2358 grata
1107 2281 1179 2342 fne-
1246 2345 1248 2356 .

107 2387 162 2445 rit:
202 2385 335 2462 cogitate
373 2394 402 2442 et
441 2377 555 2443 attente
591 2383 742 2462 legentem
757 2385 918 2460 offendit,
946 2388 1020 2465 quia
1042 2389 1176 2448 incertus
1232 2429 1234 2434 -

106 2488 332 2572 aliquantulum
360 2487 481 2558 haeret,
511 2505 658 2566 quorsum
675 2499 797 2576 spectet
810 2489 879 2550 talis
897 2493 1055 2550 sententia.
1098 2492 1175 2572 Ergo

107 2613 208 2673 neque
227 2591 267 2652 ad
285 2593 481 2664 suavitatem,
503 2611 603 2672 neque
618 2593 657 2652 ad
667 2597 915 2673 perspicuitatem
925 2594 1008 2655 facit.
1050 2595 1175 2656 Wrrsus.

147 2697 177 2780 ᾗ.
199 2697 228 2756 2.
271 2694 454 2773 Denique
481 2697 730 2758 insidiosum
760 2699 921 2757 tibisit.
953 2700 1011 2780 ¹Sic
1032 2700 1175 2762 Guedd.

106 2803 181 2863 bled.
206 2810 236 2861 et
267 2820 350 2880 seqq.
382 2803 455 2860 item
480 2801 642 2860 Victorius.
684 2802 715 2861 P.
743 2801 896 2862 Manutius
927 2803 1024 2862 edidit
1053 2817 1084 2863 et
1102 2808 1175 2868 iude

107 2909 161 2967 alii
193 2927 231 2964 ne
251 2925 315 2986 ¹qna
344 2905 529 2964 invidiosum
557 2915 577 2964 t.
607 2926 631 2966 s.
660 2907 743 2988 qnod
779 2907 943 2966 Lambinus
967 2909 1173 2988 praeferebat:
1280 2932 1284 2940 ’

105 3031 197 3094 quem
211 3031 330 3093 sequor.
367 3011 443 3070 Nam
464 3010 590 3090 deniqne
608 3010 695 3071 nullo
713 3011 803 3074 modo
824 3012 926 3072 locum
942 3004 1058 3074 ⁴habere
1076 3025 1174 3094 potest

105 3122 137 3178 in
157 3119 276 3178 ratione
296 3116 418 3176 consilii
438 3118 546 3195 prima.
1052 3119 1173 3182 Emesa.

142 3257 207 3274 ....
224 3251 293 3300 ---Ι
327 3218 464 3300 Denique
498 3222 649 3300 significat
679 3222 742 3282 fere
774 3232 849 3280 certe
861 3267 870 3298 ,
901 3234 932 3282 et
962 3225 1080 3286 indicat
1108 3231 1175 3306 pri-

107 3329 238 3388 marium
279 3327 339 3384 boc
368 3343 432 3384 esse
473 3335 707 3404 argumentum,
739 3347 801 3405 quc
831 3336 938 3387 auctor
968 3332 1059 3390 unies
1088 3331 1174 3393 fidat.
1253 3359 1255 3364 ·
1328 3403 1331 3410 ,

105 3433 162 3493 Sed
187 3443 289 3492 tamen
320 3430 434 3488 durum
466 3440 511 3490 cst
537 3431 595 3492 hoc
619 3431 657 3492 ab
682 3433 772 3490 initio
801 3435 882 3510 poni.
925 3432 1030 3492 Melius
1050 3433 1102 3514 Ep.
1120 3436 1171 3496 x1.

105 3537 134 3619 a.
155 3537 186 3598 s.
209 3522 252 3614 [a.
272 3535 325 3594 sa.
347 3533 436 3593 xva.
458 3533 500 3615 6.]
763 3529 765 3534 ·
1048 3540 1175 3603 Wm„

148 3640 419 3724 significatio
448 3638 534 3698 sella
554 3641 590 3697 si
610 3641 900 3702 intercesserit.
942 3643 1125 3708 Particulam
1146 3651 1174 3706 si

107 3751 250 3826 ignorant
272 3744 319 3803 llr.
340 3745 375 3815 1,
397 3742 447 3817 11,
465 3743 497 3815 V,
516 3743 639 3822 Torgav.
680 3747 780 3806 Plauti
811 3747 1003 3829 aliorumque
1031 3752 1175 3831 antiquo-

104 3875 174 3915 rum
191 3872 258 3914 nros
275 3865 335 3932 est,
354 3855 538 3935 particulam
561 3854 608 3925 si,
639 3853 694 3910 ubi
720 3852 1170 3936 vulgopcnitur,01nittendi;

105 3979 219 4040 eosque
255 3961 395 4039 antiquos
428 3959 566 4032 Coelius,
598 3937 659 4014 -nt
682 3967 818 4030 constat,
849 3959 1035 4019 imitabatur.
1087 3963 1174 4036 Quod

106 4063 136 4126 b.
168 4065 189 4125 l.
222 4085 258 4124 eo
288 4063 410 4125 facilius
440 4057 509 4132 sibi,
527 4063 702 4141 permittere
732 4063 852 4140 potuit,
873 4064 946 4142 quia
973 4066 1064 4126 modo
1084 4087 1175 4146 prae.

104 4182 254 4230 cesserat:
299 4173 327 4229 si
362 4171 517 4229 eamnsrit.
570 4166 655 4227 lllnd
684 4177 786 4227 autem
816 4176 955 4246 tempus:
987 4172 1171 4246 intercessit,

105 4280 196 4337 etiam
231 4298 249 4337 a
286 4276 386 4337 Coelio
423 4276 500 4336 forte
526 4289 581 4357 pto
609 4273 714 4334 futuro
742 4280 877 4351 tempore
907 4284 952 4334 est
982 4259 1179 4356 usurpatum.

104 4381 179 4442 Nam
208 4384 251 4442 ita
281 4382 342 4442 ianr
375 4381 495 4459 locutus¹
526 4388 570 4441 est
598 4380 631 4438 in
660 4377 768 4438 ultima
808 4381 996 4460 paragrapho
1028 4385 1172 4460 epistolae
1214 4365 1217 4372 Ι
