3034 5166
806 372 869 472 1506

299 579 352 643 aad
367 581 406 640 de
423 579 581 660 pantheris
595 576 683 638 foede
701 595 736 636 ao
751 571 990 654 civitatibue(l).
1016 574 1167 653 lleecripai
1175 573 1220 657 (2)
1239 577 1380 640 alteram

301 703 351 744 me
382 682 508 743 moleate
536 679 633 752 ferra,
663 680 690 738 ai
710 697 767 757 ego
787 681 821 736 in
838 677 972 737 tenebria
992 677 1118 746 laterem
1134 699 1192 740 nec
1213 680 1379 742 audiretur

297 786 411 847 llomaa
430 783 553 844 nullum
572 783 606 841 in
623 802 689 842 mea
706 783 864 861 provincia
884 799 1048 839 nummum
1058 783 1118 840 niai
1129 785 1161 840 in
1173 803 1223 842 aea
1233 784 1375 844 alienum

299 889 433 967 erogari,
462 880 616 965 docuique
646 905 703 944 nec
731 885 808 943 mihi
829 883 992 944 conciliare
1011 888 1182 961 pecaniam
1198 888 1292 947 licere
1313 907 1377 948 nec

297 993 345 1052 illi
371 1010 499 1072 capere:
526 991 695 1070 monuique
726 1007 818 1064 eum,
836 1007 928 1067 quem
948 987 1040 1065 plane
1060 988 1175 1068 diligo,
1196 999 1249 1063 nt,
1271 1011 1374 1071 qoam

297 1095 372 1156 alioa
390 1102 577 1168 aconeaeaet,
594 1093 715 1168 cantino
734 1093 867 1169 viveret,
887 1090 1080 1150 illudentem
1091 1092 1221 1154 alterum
1233 1095 1372 1159 alienum

295 1217 360 1258 eata
380 1198 604 1258 existimatione
624 1215 691 1256 mea
702 1240 710 1270 ,
732 1195 886 1274 Cibyratae
903 1176 1033 1274 imperio
1041 1214 1110 1256 meo
1118 1196 1244 1275 publice
1254 1203 1376 1262 venam·

366 1347 446 1419 lom,
468 1345 566 1425 Epist.
588 1347 629 1405 od
649 1344 727 1425 App.
748 1344 913 1402 Pulchrum
935 1341 987 1424 (ad
1008 1343 1087 1403 Fam.
1109 1346 1164 1405 lll.
1189 1343 1237 1406 10.
1259 1345 1302 1428 5.)

333 1481 417 1542 Illud
444 1500 516 1540 nero
548 1482 624 1540 anibi
657 1479 825 1558 permirum
855 1475 984 1547 accidit,
1016 1483 1132 1536 tantam
1163 1480 1368 1542 temeritatem

292 1584 387 1645 fuiaae
415 1585 448 1642 in
479 1603 515 1642 eo
542 1583 732 1643 adolescente
761 1580 813 1661 (ac.
841 1576 1021 1658 Dolabella),
1049 1580 1138 1638 cuiae
1161 1601 1217 1660 ego
1236 1583 1368 1644 salutem

292 1686 413 1745 dnobua
439 1687 548 1764 capitio
577 1686 701 1746 iudiciis
726 1704 844 1744 summa
866 1683 1062 1743 contentione
1082 1683 1224 1760 defendi,
1247 1694 1281 1746 ιιι
1302 1689 1368 1746 tuin

290 1789 463 1847 inimicitiia
491 1790 693 1868 acccipiendia
712 1789 943 1848 oblivisceretur
963 1788 1083 1866 patroni
1104 1789 1241 1846 omnium
1262 1788 1367 1848 fortu-

289 1912 398 1952 narum
427 1913 462 1953 ac
490 1896 641 1954 rationum
672 1913 813 1953 auarum:
844 1893 1022 1970 praesertim
1046 1910 1142 1970 quum
1165 1901 1199 1950 ιιι
1219 1893 1366 1953 omnibus

289 1996 339 2056 vel
366 1998 553 2056 ornamentia
580 1998 630 2056 rel
656 1997 815 2077 praesidiis
840 1975 1044 2072 redundaret,
1067 1994 1129 2069 illi,
1152 2004 1186 2053 ut
1207 1995 1366 2058 leniaoime

293 2099 420 2176 dicam,¹
432 2101 530 2159 multa
552 2101 698 2160 deessent.
731 2101 825 2158 Caino
846 2118 945 2157 sermo
965 2096 1080 2155 atultua
1100 2105 1129 2155 et
1149 2100 1279 2176 puerilia
1299 2110 1366 2160 erat

274 2205 349 2263 -iam
370 2213 440 2263 ante
458 2204 496 2263 ad
516 2223 564 2262 me
582 2222 599 2260 a
617 2201 652 2259 ll.
672 2200 789 2271 Caelio,
805 2200 952 2258 familiari
971 2209 1089 2274 noetro,
1106 2202 1293 2278 perecriptua
1304 2199 1366 2284 (3):

287 2306 326 2365 de
346 2326 409 2384 quo
429 2306 502 2365 item
524 2323 662 2364 sermono
684 2303 782 2362 nrulta
802 2305 916 2381 scripta
937 2312 1008 2361 aunt
1029 2303 1083 2362 aba
1104 2311 1144 2362 te.

507 2450 587 2523 Inar,
609 2450 650 2507 od
669 2447 807 2507 Atticam
826 2449 857 2510 L.
878 2449 914 2509 X.
934 2450 987 2529 Ep.
1009 2450 1039 2511 9.
1059 2449 1089 2530 5
1111 2450 1141 2512 2.

328 2577 484 2637 lacrimae
504 2594 642 2636 meorum
668 2549 893 2634 ma'interdum
911 2556 1074 2654 molliunt,
1094 2579 1308 2655 precantium,
1325 2589 1361 2640 nt

289 2681 329 2740 dc
356 2681 506 2760 lliapaniie
526 2688 744 2760 exspectemua.
785 2678 822 2737 ll.
843 2678 937 2738 Caelii
957 2678 1083 2757 quidem
1104 2681 1262 2764 epistolam
1282 2684 1362 2742 aori-

286 2793 372 2863 ptam
392 2784 626 2856 miserabiliter,
645 2803 743 2864 quam
761 2783 818 2842 hoc
837 2783 918 2840 idern
938 2782 1127 2860 obsecraret,
1147 2791 1182 2842 ut
1202 2793 1362 2862 exspecta-
1445 2797 1452 2810 ·

263 2883 267 2894 “
288 2905 373 2963 rem,
394 2907 434 2947 ne
453 2888 593 2948 fortunae
613 2907 715 2963 meae,
736 2907 774 2946 ne
794 2889 922 2946 unicum
943 2886 1064 2960 filium,
1093 2906 1133 2946 ne
1153 2907 1235 2946 meoa
1252 2907 1362 2948 orarrea

286 2999 349 3050 tam
378 2999 491 3051 temere
518 2991 697 3070 proderem,
719 3009 779 3050 non
799 2992 866 3048 aine
887 3009 998 3067 magno
1016 2988 1092 3048 fletu
1110 2990 1248 3068 legerunt
1270 2995 1360 3070 pueri

285 3096 399 3154 nostri:
420 3095 476 3153 etei
497 3112 583 3152 meua
601 3093 727 3172 quidem
749 3103 793 3151 eet
813 3093 939 3164 fortior,
957 3111 1053 3171 eoque
1070 3093 1361 3170 ipaovehementiuo

285 3206 455 3256 commovet
466 3218 474 3272 3
498 3196 741 3276 necquidquam
761 3197 821 3253 niei
839 3195 878 3262 de
899 3195 1272 3272 dignatione-laborata·
1293 3196 1359 3256 lliai

284 3300 324 3359 ad
354 3309 384 3358 te
414 3299 506 3358 Caelii
534 3298 627 3358 eliam
657 3299 816 3357 literarum
849 3299 1032 3378 exemplum.
1073 3297 1274 3359 anaimatua
1294 3303 1356 3358 tola

284 3403 381 3465 litatis
401 3401 514 3485 cet(4).

298 3613 356 3679 Ι(1)
392 3613 527 3681 Ingeniosa
543 3615 655 3682 auspicio
670 3613 691 3663 l.
711 3612 741 3664 ll.
759 3611 901 3665 Gronovii:
929 3614 972 3664 aed
987 3614 1018 3664 de
1029 3614 1183 3680 pantheris,
1203 3615 1308 3666 Feridio
1325 3631 1357 3666 ac

280 3701 441 3752 civilatibus·
475 3701 580 3752 Scilicet
593 3701 656 3751 haee
670 3703 757 3752 omnia
771 3701 865 3752 cadunt
880 3703 908 3751 in
925 3701 1007 3752 Caelii
1026 3701 1166 3768 Epistulam
1175 3703 1211 3753 od
1223 3703 1301 3754 Fam.
1317 3703 1355 3766 8,

278 3789 305 3840 9.
339 3787 654 3858 0r.[h.1td.1tp.vt1.
674 3787 829 3857 Mem]

314 3876 355 3946 (ι)
390 3876 462 3944 Quae
485 3869 575 3930 Cidero
599 3877 643 3928 hic
666 3878 773 3928 aedicit
791 3879 967 3946 reteripaiaae,
987 3896 1016 3929 ea
1033 3881 1146 3930 nuncin
1162 3879 1285 3947 Epistolia
1303 3879 1356 3932 Ci-

276 3966 376 4016 ceronia
392 3983 446 4016 non
462 3975 570 4018 exstant·

315 4054 354 4121 (3)
390 4054 443 4104 Hae
472 4053 556 4105 Coelii
584 4055 689 4117 literae,
719 4073 782 4122 quaa
805 4055 848 4106 hic
874 4055 963 4106 Cicero
987 4053 1135 4121 significat,
1160 4071 1213 4105 nen
1237 4065 1351 4106 exstant:

203 4158 206 4164 ·
276 4161 338 4194 nam
353 4144 380 4192 in
396 4143 443 4204 iia,
463 4159 526 4208 quaa
543 4143 685 4206 habemus,
705 4144 778 4193 nulla
795 4145 921 4194 sermonis
937 4142 1016 4193 haina
1032 4141 1178 4193 Dolabellae
1197 4144 1296 4194 mentio
1312 4142 1354 4193 fit.

273 4232 412 4286 hannon.

311 4321 352 4389 (d)
387 4317 434 4372 lat
448 4317 562 4389 bpiatola
578 4319 670 4373 xxiv.
685 4319 715 4372 b.
730 4320 778 4371 lld.
