3012 5182
370 501 430 597 u.
480 427 1030 598 crnn'11nuu1

676 781 714 820 Π

267 1013 329 1111 Μ.
375 1006 634 1108 TULLII
676 1005 1090 1106 CICERONIS
1175 1040 1180 1048 ·

162 1387 740 1501 ,nrssronan
792 1313 1199 1495 moroan.

540 1849 853 1887 ΜΘΝ·-

491 2200 523 2256 E
537 2199 570 2256 P
583 2198 603 2255 l
616 2197 641 2257 β
654 2198 683 2254 '1'
697 2195 729 2254 0
742 2197 820 2255 LA
868 2197 903 2254 1.

559 2295 603 2364 (su
621 2295 694 2347 ram.
714 2295 838 2363 rma.)

546 2514 843 2586 Argumentum.

198 2726 391 2822 Ciceronem
411 2757 445 2814 iu
463 2735 651 2834 provinciam
670 2753 808 2830 Ciliciam
828 2752 1043 2832 proconsulem
1056 2753 1229 2833 proiectum

157 2860 220 2920 Ser.
241 2859 377 2938 Sulpicio
408 2858 444 2918 ll.
474 2860 615 2918 Marcello
638 2877 713 2918 coss.
740 2857 779 2941 (a.
808 2859 841 2919 U.
869 2857 900 2919 C.
920 2856 991 2918 703.
1012 2877 1039 2918 n.
1059 2857 1091 2918 C.
1113 2857 1147 2918 N.
1164 2851 1231 2940 cl.)

158 2965 317 3024 certiorem
356 2961 431 3022 fauit
463 2963 582 3022 Caelius
608 2963 647 3022 de
675 2964 768 3022 rebus
795 2941 940 3038 urbanis,-
968 2941 1230 3043 quemadmodum

158 3070 187 3126 ei
212 3067 372 3148 pollicitus
396 3076 460 3126 erat
490 3087 522 3128 se
548 3067 713 3129 iacturum.
764 3067 830 3130 Iam
859 3087 929 3128 vero
949 3067 1074 3128 mittens
1094 3068 1229 3147 primum

157 3173 413 3232 commentorium
445 3191 554 3231 rernm.
582 3173 767 3232 urbanarum
802 3169 921 3254 (qualos
950 3172 1095 3252 deinceps
1125 3172 1229 3252 plnres

20 3335 23 3346 ,
52 3267 54 3270 ’
159 3277 261 3350 misit,
280 3285 362 3336 certe
382 3277 551 3336 secundum
571 3287 601 3336 et
619 3278 744 3336 tertium
763 3275 807 3335 ef.
827 3275 1007 3356 Ep.11.4et
1026 3273 1230 3359 xvll.6.),m

158 3381 349 3458 arrogantiae
379 3381 503 3460 culpam
537 3381 631 3456 vitet,
670 3389 794 3440 excusat
830 3401 877 3456 sa,
902 3379 987 3460 qnod
1016 3377 1112 3440 huno¹
1129 3381 1229 3442 aliena

156 3487 249 3565 opera
267 3485 493 3546 conficiendum
511 3487 664 3546 curaverit
674 3509 683 3563 ;
700 3485 755 3545 sed
774 3487 888 3546 maiora
902 3504 934 3545 sc
952 3487 1053 3563 ipsum
1064 3483 1230 3563 diligenter

154 3591 397 3670 perscripturum
412 3590 547 3650 ostendit
561 3588 590 3670 5.
613 3587 636 3650 l.
668 3587 783 3650 Deinde
801 3589 961 3666 subiungit
973 3590 1063 3668 haec:
1082 3590 1122 3651 de
1135 3592 1229 3652 comi·

154 3696 205 3754 tiis
222 3693 516 3772 ‘Transpadanorum
548 3713 613 3754 esse
638 3713 812 3771 rumorem3
844 3693 883 3753 de
913 3696 1103 3756 successione
1125 3705 1228 3758 autem

153 3798 323 3858 Galliarum
343 3796 423 3854 nihil
444 3798 574 3857 relatum
591 3796 621 3880 5.
640 3797 670 3857 2.
694 3797 733 3858 de
757 3797 900 3876 Pompeio
921 3816 1034 3877 cupere
1054 3817 1086 3858 se
1107 3799 1229 3880 aliquid

153 3921 335 3982 cognoscere
353 3899 384 3983 5.
403 3899 432 3961 3.
450 3901 488 3960 do
509 3901 632 3961 Caesare
648 3901 732 3960 varia
754 3900 896 3980 dissipari
912 3898 941 3982 5.
954 3899 983 3962 4.
1024 3901 1118 3961 Addit
1136 3903 1228 3963 deni-

153 4027 214 4088 quo
233 4007 383 4088 quaedam
402 4006 441 4066 de
460 4007 493 4082 Q.
511 4006 695 4086 Pompeioet
716 4006 826 4066 Planco
844 4005 939 4066 Bursa
958 4003 989 4087 5.
1013 4008 1041 4067 5.
1062 4022 1098 4066 uc
1117 4006 1156 4068 de
1169 4025 1228 4089 po-

153 4111 247 4171 liticis
267 4111 419 4170 Ciceronis
435 4110 522 4170 libris
543 4109 625 4194 56.

194 4320 273 4380 Haeo
293 4319 441 4400 Epistola,
462 4341 555 4402 quam
572 4321 710 4394 Caelius,
729 4330 765 4380 ut
781 4340 886 4380 omnes
903 4319 1058 4402 reliquas,
1076 4319 1169 4385 lloma
1185 4321 1226 4382 ad

97 4495 100 4502 ,
154 4426 328 4486 Ciceronem
348 4426 450 4502 misit,
470 4427 581 4504 scripta
600 4434 647 4484 est
664 4434 784 4502 postrx.
803 4425 872 4499 Kal.
894 4426 961 4486 lun.
973 4424 1139 4486 sedtomen
1155 4436 1226 4486 onte

154 4527 220 4589 Kal.
246 4527 314 4591 lun.
342 4533 416 4611 quia
442 4532 485 4590 ait
509 4529 543 4610 5.
573 4531 600 4590 5.
627 4538 654 4584 tc
685 4546 713 4585 a.
742 4527 769 4586 d.
795 4549 837 4588 rx.
856 4527 925 4590 Kal.
948 4528 1018 4592 lm.
1038 4530 1226 4594 subrostrani

1099 4643 1120 4702 'i
