3012 5182
442 599 731 662 ffl‘lssohh
782 602 856 659 Vl·

523 699 567 766 (ad
584 699 655 750 I'am.
676 699 741 750 v111.
758 699 795 766 5.)

502 885 794 956 Argumentum.

160 1069 311 1166 Metuens
333 1117 365 1156 se
393 1097 543 1174 signifieat
573 1096 691 1156 Caelius
719 1117 755 1156 ex
783 1096 917 1157 Parthici
933 1098 1005 1160 heIIi
1025 1099 1125 1174 fama,
1142 1101 1182 1162 oh

118 1208 304 1283 paucitatem
334 1204 489 1281 copiarum
520 1201 671 1262 Ciceronis
691 1237 731 1250 -
751 1204 802 1261 cui
823 1203 947 1283 quidem
969 1214 1087 1264 tantum
1109 1205 1184 1264 belli

119 1316 221 1388 optat,
239 1327 299 1387 qoo
309 1307 500 1387 triumphum
511 1309 655 1387 consequi
667 1309 760 1388 possit
768 1339 807 1352 -
814 1332 823 1385 3
845 1328 880 1367 eo
891 1310 982 1368 etiam
995 1313 1090 1388 magis
1100 1311 1183 1391 quod

118 1432 209 1472 nemo
231 1414 296 1472 eius
311 1413 357 1471 rei
376 1413 525 1472 notionem
543 1413 653 1472 habeat
671 1411 701 1493 ς.
721 1413 746 1472 1.
766 1423 796 1472 et
819 1414 901 1491 qnod
921 1433 981 1472 nou
1002 1413 1093 1474 facile
1112 1434 1184 1476 ouc-

118 1536 267 1578 eessorem
286 1518 326 1576 eit
342 1517 522 1589 habiturus,
543 1520 617 1598 quia
636 1518 746 1578 frustra
763 1517 1186 1597 desucceesioneprovinciu-

118 1642 189 1680 rum
206 1629 314 1700 agatur
330 1620 360 1702 ᾗ.
384 1621 413 1680 2.
454 1622 496 1680 De
512 1643 545 1681 re
565 1621 690 1702 publiea
707 1622 787 1680 nihil
806 1624 878 1684 novi
896 1621 1042 1684 occidisse
1061 1623 1138 1684 dicit
1155 1635 1186 1686 et

118 1723 293 1785 Marcellum
314 1725 451 1785 nondum
471 1725 662 1805 frequentem
683 1735 820 1786 senatum
838 1729 973 1806 potuisse
990 1728 1107 1788 efficere
1115 1727 1144 1810 ᾗ.
1156 1729 1185 1790 3.

160 1934 239 1993 liaeo
274 1935 405 2014 Epistola
441 1953 506 2013 quo
532 1934 583 1993 die
612 1935 723 2013 scripto
752 1936 810 2004 eit,
838 1953 899 1992 non
925 1935 1093 1994 indicatum
1121 1947 1186 1997 este

121 2036 175 2095 sed
204 2039 327 2097 videtur
348 2040 532 2118 superiorem
560 2042 730 2119 proximam
750 2041 856 2118 paucis
876 2038 985 2098 diebus
1004 2049 1186 2120 consecuta3

117 2151 200 2202 certe
220 2153 290 2202 ante
310 2144 383 2203 Idus
403 2143 507 2203 Sextil.
528 2144 566 2202 de
586 2144 700 2226 quibos
720 2143 764 2203 CF.
785 2143 838 2224 Ep.
859 2143 892 2204 V.
916 2141 947 2202 4.
967 2143 1030 2204 VII.
1051 2145 1081 2204 2.

422 2341 586 2427 (humus
614 2342 800 2427 cremon
830 2343 871 2424 S.

174 2575 207 2644 l.
256 2576 329 2665 Qua
379 2589 419 2646 tu
454 2599 533 2647 cura
571 2578 615 2646 sis
627 2632 640 2665 ‚
678 2577 771 2672 quod
806 2575 850 2648 ad
894 2602 1013 2673 pacem
1047 2583 1185 2676 protin-

12 2698 29 2796 J
123 2705 195 2775 ciue
226 2715 307 2776 tuae
337 2703 630 2800 finitimarumque
664 2706 839 2798 regionum
887 2703 1030 2798 attinet,
1055 2711 1185 2782 nescio:

124 2855 188 2926 ego
233 2833 375 2927 quidem
423 2833 640 2904 vehementer
688 2833 792 2902 animi
825 2834 968 2927 pendeo.
1028 2835 1112 2906 Nam
1158 2839 1186 2908 si

124 2959 191 3030 hoo
221 2961 252 3057 †
285 2965 407 3032 more¹
444 2962 609 3032 moderari
641 2983 836 3057 possemus,
883 2972 923 3030 ut
963 2985 1026 3058 pro
1059 2964 1186 3035 viribus

123 3090 299 3183 copiarum
330 3101 467 3159 tuarum
499 3086 582 3156 belli
617 3108 754 3181 quoque
787 3087 959 3157 exsisteret
987 3091 1185 3182 magnitudo

123 3228 181 3308 et,
216 3229 384 3312 quantum
419 3216 543 3310 gloriae
580 3214 823 3310 triumphoque
859 3239 944 3314 opus
969 3229 1078 3308 esset,
1101 3241 1186 3290 asse·

123 3372 331 3442 queremur,
381 3345 629 3440 periculosam²
675 3354 710 3414 et
746 3367 880 3438 gravem
918 3342 1012 3414 illem
1049 3346 1186 3418 dimica·

125 3479 251 3550 nonem
277 3478 500 3549 evitaremus:
526 3471 612 3543 nihil
637 3485 704 3543 tam
730 3482 815 3544 esset
839 3471 1038 3566 optandum.
1088 3473 1186 3546 Nunc

124 3605 152 3674 si
184 3603 330 3675 Parthus
362 3615 475 3674 movet
508 3602 662 3697 aliquid,
698 3601 767 3670 scio
797 3623 864 3672 non
889 3601 1093 3674 mediocrem
1115 3603 1186 3678 fore

123 3719 395 3802 contentionem:
432 3743 512 3801 tuus
535 3754 637 3826 porro
660 3730 827 3804 exercitus
851 3730 905 3800 vix
930 3755 1037 3802 uuum
1060 3734 1186 3806 saltum

123 3859 212 3929 tueri
261 3870 383 3953 potest.
445 3857 541 3928 Hanc
589 3868 704 3928 autem
739 3882 837 3930 nemo
872 3859 967 3930 ducit
1000 3861 1163 3932 rationem
1178 3859 1190 3934 :⁴

8 4019 9 4028 .
122 3986 181 4058 sed
218 3989 330 4058 omnia
363 3987 600 4058 desiderantur
636 3972 684 4056 ab*
716 4009 777 4074 eo,
812 4028 862 4040 -
895 4000 1068 4083 tamquam
1103 3991 1188 4064 nihil

136 4175 380 4194 Ἢ

171 4284 211 4350 (1)
226 4283 270 4335 Sic
287 4284 338 4335 ud.
355 4285 423 4337 Crat.
443 4287 523 4353 Beug.
542 4283 742 4336 Bened.-‹Iel.
760 4300 830 4336 more
847 4251 914 4336 Cett.
930 4302 966 4336 Ν
982 4284 1028 4334 hoo
1044 4285 1117 4336 modo
1134 4301 1188 4337 ram
1246 4287 1248 4290 ’

126 4373 193 4423 mod.
210 4373 290 4441 Iieng.
319 4385 343 4424 et
368 4375 567 4444 Weiskiisusp.
605 4373 644 4441 (2)
662 4373 706 4425 Sic
724 4375 769 4430 „ud
795 4373 876 4442 Neap.
895 4375 986 4441 Antiq.
1002 4371 1184 4426 Gracviom

126 4468 153 4510 et
167 4461 191 4514 2.
209 4461 305 4514 Bened.
316 4495 350 4506 -
360 4466 584 4533 periculosamque
600 4463 690 4516 Lemb.
707 4463 799 4515 Gracv.
816 4461 945 4515 IIunSoh.

1092 4559 1110 4618 2
