2978 5186
827 397 890 458 154

330 601 528 668 necessariam
554 606 732 667 verborum:
757 605 832 663 mibi
858 587 1155 678 literisastenderis,
1182 627 1227 666 nas
1243 611 1303 668 ista
1321 613 1384 670 mis·

331 733 433 771 saram
456 711 532 770 alios
558 745 600 758 -
621 731 699 791 quae
729 711 898 770 secuudum
919 711 1056 790 vulgatas
1077 713 1111 770 in
1130 711 1231 773 media
1246 717 1334 794 epist.
1350 717 1385 776 III

330 819 405 877 libri
422 818 512 891 VIII,
531 817 601 889 sed,
629 826 664 876 ut
682 815 828 896 ‹aq-uidem·
841 825 934 895 puto,
955 819 987 876 iu
1005 817 1066 876 fine
1086 805 1172 895 epist.
1190 818 1230 878 tx
1244 820 1386 881 collocata

329 934 417 998 sunt,
430 923 619 1002 negligenter
635 925 819 995 omiserunt,
833 922 891 980 ubi
907 921 945 982 ad
966 941 1000 982 ea
1013 922 1105 981 verba
1122 921 1224 982 denuo
1234 927 1383 1001 uenirent,

329 1031 402 1108 quia
432 1029 493 1088 iarn
524 1029 636 1107 scripta
663 1037 748 1087 erant
776 1027 834 1085 sub
860 1027 984 1086 initium
1011 1028 1097 1105 epist.
1121 1027 1152 1086 II
1166 1028 1239 1088 libri
1259 1031 1331 1091 vlu
1353 1033 1387 1091 ab

329 1137 429 1214 iisque
441 1134 543 1195 verbis
559 1134 675 1193 librarii
696 1152 816 1192 omnem
827 1131 913 1190 illius
925 1130 1041 1190 ordinis
1051 1130 1261 1193 confusionem
1272 1135 1388 1196 inoboa·

328 1248 443 1299 verant.
473 1271 514 1284 ··-
544 1239 684 1298 Ceterum
707 1238 810 1314 ruspari
837 1255 900 1294 nou
926 1245 1041 1316 potest,
1068 1237 1209 1297 librarios
1235 1241 1387 1301 interdum

329 1346 420 1404 etiam
443 1345 474 1402 iu
502 1341 570 1400 aliis
597 1341 672 1402 locis
694 1341 785 1400 verba
809 1341 1005 1419 epistolarum
1028 1351 1090 1401 tam
1112 1347 1189 1404 mire
1205 1355 1388 1424 permutasse

329 1457 421 1526 atque
441 1446 630 1521 confudisse,
648 1445 974 1505 utuonfaoilecouiioi
985 1450 1099 1525 possit,
1114 1452 1387 1530 quidpotissimum

328 1554 383 1613 tali
403 1552 518 1612 ordinis
534 1550 705 1610 confusioni
722 1549 834 1608 inillis
852 1550 928 1610 locis
943 1555 1131 1614 mensionem
1142 1557 1327 1636 praebuerit.
1337 1570 1387 1619 oet.

420 1689 549 1748 Burnum
569 1687 701 1761 Wnrsau,
722 1684 874 1745 Clarorum
894 1688 1026 1754 ainornm
1043 1689 1196 1769 Epistolae
1214 1715 1289 1774 qnae

492 1794 571 1851 inter
594 1790 747 1851 Ciceronis
763 1790 915 1871 Epistulas
935 1804 1066 1854 servatae
1086 1807 1212 1857 eastcnt.

620 1895 749 1978 (upum
772 1895 872 1978 1792.)
892 1918 920 1976 p.
945 1897 1011 1959 161.
1033 1878 1094 1980 siq.

368 2013 405 2072 tt.
439 2012 574 2072 Coelium
607 2009 721 2069 Iluium
756 2011 836 2076 inter¹
871 2012 1000 2089 optimos
1031 2014 1135 2072 aetatis
1165 2033 1237 2073 suae
1261 2024 1387 2073 oratores
1468 1987 1469 2042 Ξ

328 2118 430 2178 Iocum
455 2117 638 2202 obtinuisse,
665 2103 857 2173 consentiens
881 2115 1047 2195 antiquitas
1073 2117 1179 2192 docet,
1199 2129 1233 2176 ut
1251 2138 1286 2177 eu
1306 2118 1346 2177 de
1358 2137 1385 2177 re

328 2222 479 2281 dubitatio
496 2220 581 2280 nulla
597 2239 660 2280 esse
676 2219 780 2298 possit.
821 2219 1009 2299 Quicunque·
1021 2220 1059 2280 de
1075 2243 1168 2300 prava
1187 2224 1254 2281 cius
1272 2232 1386 2294 mente,

329 2339 360 2387 et
375 2328 457 2386 vitiis
467 2371 477 2403 ,
505 2329 539 2384 in
564 2344 642 2405 qaae
666 2324 763 2382 urulta
778 2324 943 2383 dissolutus
961 2323 1037 2401 furit,
1056 2323 1243 2405 loquuntur,
1264 2329 1296 2386 iu
1313 2327 1388 2386 bauo

329 2442 430 2490 tamen
457 2438 573 2510 partem
600 2428 638 2488 de
662 2427 716 2486 illa
745 2427 835 2486 laude
862 2429 938 2487 uihil
954 2409 1132 2489 detrahunt.
1172 2431 1386 2490 Gravissimum

328 2535 453 2615 quidem
473 2534 552 2593 illud
580 2533 672 2593 obiici
699 2540 816 2611 potest,
841 2533 924 2612 quod
952 2545 1057 2594 auctor
1084 2536 1155 2594 dial.
1178 2535 1216 2595 de
1235 2555 1278 2596 or.
1296 2556 1321 2596 o.
1342 2535 1387 2596 21.

328 2641 422 2700 dicit:
440 2638 513 2697 »Ea
534 2636 629 2714 Caelii
651 2620 838 2696 orationibus
857 2636 927 2696 baec
947 2621 1122 2718 plocent'-
1138 2641 1297 2719 inquibus
1313 2642 1387 2698 nito·

255 2729 257 2738 ¹
328 2765 389 2804 rem
406 2754 434 2802 et
454 2742 643 2803 altitudinem
663 2742 766 2800 baram
783 2752 944 2822 temporum
962 2747 1160 2825 agnoscimus.
1184 2747 1388 2805 sordescatem

253 2893 255 2899 -
326 2851 499 2925 verboram,
535 2859 562 2907 et
589 2848 677 2906 bians
704 2848 893 2927 compositio,
925 2858 953 2906 et
973 2849 1123 2907 inconditi
1139 2871 1241 2910 sensas
1261 2851 1387 2910 redolent

327 2957 555 3034 antiquitatem:
574 2972 627 3011 nec
648 2973 822 3032 quemqnam
840 2953 913 3010 adeo
933 2955 1139 3033 antiquarium
1152 2966 1245 3035 pato,
1266 2967 1300 3015 at
1323 2954 1386 3015 Coe·

328 3059 403 3117 liam
423 3079 459 3116 ec
474 3078 508 3116 aa
518 3067 605 3136 parte
620 3055 736 3133 landet,
750 3077 809 3136 qao
825 3058 968 3136 antiquus
982 3061 1054 3119 eat.''
1096 3061 1155 3120 Sed
1174 3072 1281 3121 auctor
1299 3063 1387 3122 aetati

328 3177 400 3222 suno
418 3163 560 3241 cupidius
576 3161 710 3222 favebat:
729 3171 774 3244 et,
795 3165 868 3242 quia
883 3172 949 3222 tum
963 3164 1110 3243 quaedam
1130 3167 1236 3242 verba,
1256 3169 1389 3241 numeri,

328 3271 510 3343 sententiae,
542 3277 571 3326 et
591 3267 700 3328 barum
712 3257 832 3348 'formae
859 3277 887 3325 et
904 3268 985 3326 modi
1002 3251 1145 3350 (tcars,
1170 3269 1389 3352 Wandangen,)

328 3374 447 3454 placere
475 3373 639 3447 desierant,
665 3375 725 3432 iarn
750 3374 856 3452 optimi
879 3385 1010 3433 oratores
1040 3374 1282 3437 fastidiebantur.
1332 3377 1388 3436 Ser.

328 3478 452 3538 Galbam
476 3488 504 3538 et
531 3477 560 3538 C.
582 3478 746 3538 Carbonem
764 3478 900 3558 aliosque
918 3481 1103 3559 antiquiores
1122 3501 1148 3540 c.
1165 3479 1210 3540 18.
1231 3475 1313 3542 dicit
1326 3501 1388 3542 ease
1466 3524 1467 3546 t

313 3583 488 3657 borridos,
511 3593 541 3642 et
558 3583 733 3662 impolitos,
753 3595 782 3642 et
798 3583 901 3656 rudes,
920 3593 949 3644 et
968 3583 1127 3644 informes:
1140 3587 1303 3667 additque:
1321 3607 1390 3667 quos
1466 3565 1467 3570 ἵ

243 3709 249 3717 “
276 3726 279 3732 ·
326 3689 444 3746 utinam
460 3688 596 3746 imitatas
616 3707 677 3744 non
688 3697 763 3746 esset
781 3685 1011 3758 Gemmantes,
1032 3698 1084 3747 aut
1100 3681 1235 3767 Caelina,
1256 3702 1310 3750 ant
1327 3693 1388 3771 ipse

192 3839 199 3852 .
289 3829 292 3834 ·
329 3791 441 3854 Cicero.
481 3791 626 3851 Videmus
647 3811 736 3870 ergo,
758 3792 836 3851 nihil
863 3793 931 3851 istic
962 3791 1055 3852 obiioi
1085 3791 1201 3869 Coelio,
1225 3797 1312 3874 'quod
1330 3813 1391 3856 nou

326 3898 401 3959 item
426 3899 458 3956 in
485 3896 628 3956 Cicerone
654 3895 728 3978 (non
755 3906 898 3976 apparet,
925 3915 1017 3976 quam
1048 3896 1168 3979 vulda)
1190 3901 1388 3980 vituperetur.

287 4075 291 4090 ι
327 4003 422 4077 Quam
453 4003 480 4062 ei
504 4002 709 4077 Quintilianus
726 4003 757 4062 L.
777 4001 812 4062 Χ.
833 4022 859 4060 o.
878 4001 907 4062 2.
929 4002 1038 4062 tribuit
1055 4005 1257 4082 asperitatem,
1279 4025 1315 4067 ea
1332 4025 1392 4066 non

326 4108 366 4168 ad
390 4107 644 4185 vituperationem
668 4108 721 4168 sed
738 4107 778 4166 ad
794 4107 917 4167 laudem
934 4107 1032 4180 valet,
1047 4083 1160 4187 quippe
1170 4109 1258 4190 'quae
1274 4131 1341 4172 nou.
1353 4111 1391 4171 ad

326 4214 438 4286 verba,
456 4231 621 4300 eorumque
637 4222 842 4289 structuram,
859 4213 1028 4292 pertineat,
1042 4213 1095 4274 sed
1109 4216 1148 4275 nd
1167 4217 1390 4276 vehementiam

327 4327 359 4382 et
385 4320 450 4380 rim
479 4317 665 4402 singularem
686 4319 909 4395 accusationis,
934 4318 967 4380 iu
986 4337 1047 4398 qua
1059 4317 1178 4382 Coelius
1196 4320 1283 4400 plus,
1298 4340 1392 4402 quatu

327 4427 359 4484 iu
378 4423 570 4503 defensioue,
590 4423 696 4486 valuit.
