2978 5186
810 377 871 438 172

307 561 482 667 legationem
505 583 628 645 liberam
642 585 718 644 milti
728 631 734 657 ,
748 584 929 664 reliquisque
948 587 1066 645 nastris.
1109 585 1321 666 Et'Pompeius
1342 593 1377 649 in

307 691 433 769 epistola
460 690 499 750 ad
527 689 685 764 consules,
713 689 744 748 L.
770 686 847 748 vltl.
878 689 917 747 ad
947 689 1038 748 Attio.
1067 689 1114 748 12.
1155 691 1311 753 Placitum
1337 706 1382 754 est

305 793 381 852 milri
387 838 396 869 ‚
409 804 442 851 ut
454 793 654 851 Brundisium
672 793 806 850 ducerem
822 792 898 851 lianc
910 794 1042 871 copiam,
1053 814 1142 871 qnam
1152 777 1266 856 mecum
1275 800 1376 859 habeo.
1401 859 1406 878 ,

303 897 442 957 Muliebri
463 915 572 975 genere
586 898 742 956 Terentius
763 899 794 953 in
815 895 929 954 Andria
949 894 999 955 lv,
1019 896 1045 955 1.
1066 895 1115 959 21.
1157 901 1377 982 Postqanmme

305 1021 404 1060 amare
419 1003 505 1077 dici,
525 988 699 1082 complacita
714 1011 757 1059 est
777 1001 842 1060 tibi.
885 1001 995 1059 Eodem
1016 1003 1106 1062 moda
1119 1006 1262 1084 puditum
1284 1021 1374 1080 esset,

200 1097 205 1106 ’
298 1126 362 1184 „pro
386 1107 545 1186 puduisset
567 1107 646 1165 dixit
665 1105 769 1165 Cicero
788 1126 843 1184 pro
859 1103 965 1165 Flac'eo
982 1125 1008 1165 e.
1026 1105 1076 1166 22.
1098 1116 1128 1168 et
1145 1110 1235 1170 L.·11.
1253 1113 1293 1172 de
1313 1113 1376 1172 Fin.

306 1231 332 1270 e.
356 1211 403 1272 13.
448 1210 526 1292 Ques
547 1232 608 1270 nan
628 1221 673 1269 sst
690 1212 816 1269 ceritum
830 1230 958 1290 ponere,
971 1230 1027 1290 pro
1047 1214 1102 1291 qui
1120 1234 1180 1272 nen
1198 1217 1291 1273 veriti
1307 1229 1376 1274 sunt

299 1336 418 1396 ponere.
459 1317 615 1380 Terentius
640 1317 674 1374 in
697 1315 811 1388 Andria
828 1299 869 1375 ll.
892 1313 987 1375 6.12.
1028 1314 1110 1375 Dum
1128 1318 1246 1377 licitum
1263 1331 1308 1378 est
1329 1323 1373 1392 ei,

303 1422 429 1501 dumque
445 1432 526 1480 aetas
548 1420 636 1493 tulit,
657 1417 782 1480 Amavit
791 1443 806 1491 ,·
825 1439 887 1499 quo
906 1419 973 1478 loco
991 1421 1142 1480 Bonatus:
1167 1422 1304 1497 Veteres,
1330 1427 1374 1483 in-

304 1529 392 1607 quit,
413 1536 441 1584 et
453 1525 602 1605 placitum
627 1534 655 1582 ct
669 1524 812 1603 puditum
831 1523 985 1584 dicebant:
1004 1544 1078 1605 quas
1098 1547 1153 1585 nos
1167 1529 1307 1607 placuit,
1323 1550 1377 1609 pu·

302 1631 378 1691 duit.
1123 1712 1126 1720 Ι
1271 1634 1372 1695 Miner.

341 1746 377 1794 et
397 1737 533 1795 statim
553 1736 618 1794 iit.
660 1735 734 1796 Mihi
764 1736 889 1816 quidem
920 1755 980 1798 non
1011 1739 1083 1796 satis
1108 1737 1208 1816 placet
1238 1739 1321 1798 illud
1345 1750 1373 1797 et

300 1842 401 1899 statim
422 1842 476 1914 iit,
498 1840 581 1936 quod
602 1841 693 1901 lectio
711 1849 831 1919 recepta
851 1839 997 1900 defendit.
1038 1843 1069 1900 Si
1089 1862 1161 1942 repo
1176 1842 1269 1902 Codd.
1289 1845 1372 1902 anti-

300 1967 431 2027 quorum
451 1947 611 2007 lectionem
631 1947 805 2026 sequimur,
820 1945 895 2004 haec
912 1944 1004 2005 rerba
1023 1965 1094 2006 cum
1112 1946 1366 2006 antecedentibus

289 2062 381 2112 *arcte
406 2053 584 2134 cohaerent,
613 2064 704 2132 atque
721 2051 861 2110 Caeliano
876 2041 999 2110 dicendi
1025 2071 1135 2129 genere
1156 2053 1284 2111 verbum
1304 2053 1369 2132 pla·

284 2145 393 2215 ‘citum
421 2161 518 2216 estin
545 2157 743 2237 sequentibus
773 2157 891 2235 duplici
915 2159 1031 2215 ratione
1060 2164 1090 2214 et
1118 2157 1302 2235 particulam
1321 2167 1368 2229 ut,

303 2272 333 2320 et
352 2272 471 2341 tempus
489 2262 644 2320 infinitum
663 2261 786 2338 suetum
806 2262 858 2335 iri,
877 2280 982 2320 secum
998 2263 1167 2339 coniungit.
1198 2263 1295 2322 Verba
1314 2281 1370 2324 au-

300 2376 379 2425 tem:
408 2364 485 2423 Nam
504 2364 679 2423 Ariminum
699 2397 739 2410 -·
759 2366 876 2436 iturus,
895 2374 1050 2444 tamquam
1071 2367 1183 2425 iniecta
1201 2369 1370 2427 sententiae

298 2469 407 2545 rerba,
429 2472 517 2528 uncis
542 2479 613 2528 sunt
641 2468 827 2528 includenda
853 2471 910 2529 hoc
939 2470 1044 2529 modo:
1070 2469 1219 2549 placitum
1247 2483 1307 2547 est,
1335 2483 1369 2531 ut

298 2576 532 2654 quamprimum
551 2574 592 2634 ad
610 2573 710 2632 urbem
730 2584 922 2632 reverteretur
941 2572 992 2633 Cn.
1012 2573 1188 2654 Pompeius.-
1217 2586 1251 2634 ut
1267 2596 1368 2635 ceram

298 2698 331 2737 se
357 2679 392 2737 ds
417 2681 601 2738 neccessiene
620 2681 850 2758 provinciarum
869 2690 1020 2759 ageretur,
1037 2677 1119 2760 (nem
1134 2679 1309 2740 Ariminum
1329 2681 1369 2740 ad

297 2783 469 2843 cummium
486 2784 647 2863 Pouspeius
676 2794 739 2842 erat
770 2780 881 2863 iturus)
906 2792 934 2841 et
960 2785 1080 2859 statim,
1102 2795 1135 2842 ut
1148 2796 1238 2864 puto,
1266 2787 1370 2846 idibus

297 2889 403 2948 Sentii.
418 2890 452 2948 de
470 2890 683 2970 rarefactum
702 2890 754 2946 iri.
1010 2927 1014 2940 ι
1222 2891 1366 2952 Baniures.

330 3005 483 3074 puta--
512 2993 553 3052 de
586 3013 627 3051 ea
655 3012 697 3049 rs
720 2993 879 3071 factum
908 2993 977 3052 iri.
1018 2993 1162 3052 Usitatius
1183 3005 1247 3054 erat
1268 3007 1369 3055 actum

295 3101 358 3158 iri.-
378 3099 432 3160 sed
449 3099 624 3158 Coelianum
644 3106 698 3157 est.
1253 3100 1367 3159 Leues.

332 3237 395 3249 --
418 3238 478 3249 --
520 3202 670 3263 Vitiosum
689 3203 873 3282 estfactum
917 3200 1028 3280 Scripsi
1048 3212 1163 3276 actum,
1190 3213 1226 3263 ut
1253 3215 1298 3264 est
1316 3208 1366 3264 in-

292 3308 339 3368 fra
358 3307 410 3386 Ep.
442 3305 469 3367 9.
500 3306 543 3385 [h.
573 3307 626 3367 Ed.
656 3307 720 3368 vlt.
749 3307 792 3387 2.]
824 3307 862 3366 de
892 3307 998 3366 eadem
1028 3306 1085 3366 hac
1110 3328 1144 3367 re
1174 3319 1205 3367 et
1236 3329 1275 3368 ex
1302 3311 1360 3369 hac

292 3412 369 3471 lace.
1250 3413 1360 3474 Etrus.

332 3551 395 3565 -
414 3551 476 3565 -
516 3516 634 3576 Ernesti
655 3516 781 3597 quidem
808 3515 839 3575 h.
866 3515 889 3574 l.
912 3516 945 3575 in
964 3514 1098 3575 editione
1114 3535 1169 3575 sna
1192 3519 1367 3578 emendarit

295 3622 330 3680 de
357 3643 391 3682 ea
420 3643 452 3680 re
473 3632 571 3680 actum
588 3622 651 3692 iri,
671 3621 763 3679 sicuti
784 3619 904 3680 Coelius
924 3620 1005 3680 infra
1024 3622 1163 3699 scripsit,
1183 3622 1240 3681 uhi
1259 3625 1364 3684 eadem

292 3736 403 3787 namet.
434 3727 491 3787 Sed
510 3727 595 3820 illam
608 3736 708 3785 tamen
726 3724 966 3785 emendationem
986 3727 1122 3785 nondum
1140 3727 1361 3788 admittendam

291 3851 408 3892 censeo.
451 3832 526 3891 Nam
552 3840 655 3890 nostro
682 3829 749 3890 loco
768 3850 828 3890 non
849 3831 948 3890 solum
969 3831 1041 3896 libri
1060 3833 1179 3910 antiqui
1198 3832 1362 3894 lectionem

290 3945 442 4015 receptam
482 3935 670 4007 defendunt,
698 3935 750 3995 sed
777 3936 869 4014 paulo
902 3946 971 3995 ante
999 3939 1088 3995 etiam
1120 3937 1300 4016 scripserat:
1327 3939 1362 3997 ds

289 4041 473 4099 successione
494 4041 723 4120 prouinciarum
742 4050 886 4120 ageretur.
928 4041 1035 4120 ltaque
1055 4042 1172 4100 variare
1193 4045 1363 4103 orationem

288 4145 399 4205 maluit
412 4143 548 4222 Caelius3
563 4154 655 4224 atque
672 4145 763 4202 etiam
783 4145 836 4203 elii
855 4146 1016 4224 scriptores
1030 4146 1183 4206 interdum
1200 4148 1309 4227 facere
1325 4149 1361 4207 ds

290 4250 391 4330 aliquo
409 4257 576 4328 posuerunt
586 4293 595 4325 ,
613 4267 684 4328 pro:
703 4269 790 4331 agere
809 4249 844 4307 ds
860 4249 970 4328 aliquo.
1218 4253 1359 4313 Benrnrsr.

329 4356 512 4412 coniecit
541 4339 820 4414 illam'eccsm.
865 4351 1006 4416 Usitntius
1039 4366 1116 4418 esset
1145 4359 1233 4417 iecit:
1258 4360 1310 4420 sed
1330 4370 1362 4419 et
1473 4399 1474 4402 =
