3012 5182
589 627 877 692 ΕΙΙΙΝΜ
928 633 1020 693 111.

664 729 942 800 mmmm

641 1031 644 1038 Δ
657 943 955 1014 manentum·

310 1121 465 1230 Caclius,
486 1155 544 1214 etsi
563 1154 701 1216 nondum
721 1171 900 1235 responsum
918 1155 1083 1235 accepisset
1100 1171 1118 1213 a
1138 1153 1282 1216 Cicerone
1301 1155 1341 1214 ad

270 1261 441 1340 superiores
468 1257 618 1338 Epistoies
645 1279 718 1320 eum
747 1261 974 1320 commentariis
1007 1263 1130 1344 missas,
1161 1261 1261 1318 tertio¹
1279 1261 1342 1320 iam

272 1364 427 1437 scribens,
455 1356 561 1424 asserit
591 1384 678 1424 suam
704 1368 738 1424 in
768 1365 930 1424 scribendo
956 1365 1185 1444 assiduitatem
1203 1364 1243 1424 ad
1258 1365 1343 1446 quod

271 1469 407 1530 officium
426 1467 559 1528 ostendit
579 1489 609 1528 se
624 1468 776 1528 Ciceronis
801 1468 952 1528 desiderio
972 1469 1099 1528 excitari
1116 1465 1146 1549 5
1170 1466 1199 1527 1.
1229 1468 1345 1530 Deinde

270 1571 310 1633 cd
334 1573 455 1650 negotia
484 1591 655 1633 sermonem
676 1575 847 1633 convertit:
878 1573 996 1633 scilieet
1020 1592 1053 1631 se
1073 1573 1234 1634 certiorem
1254 1573 1343 1632 Hirro

272 1676 468 1736 candidatum
491 1695 556 1738 esse
584 1675 615 1759 5.
646 1676 676 1737 2.
705 1689 736 1737 et
761 1677 961 1737 Philotimum
982 1677 1100 1737 absenti
1124 1675 1228 1735 otiloni
1253 1677 1345 1735 satis·

172 1829 174 1832 .
268 1779 423 1840 facturum
443 1779 473 1863 5.
494 1781 522 1842 3.
550 1781 682 1841 Tandem
702 1799 788 1840 suam
809 1800 882 1840 cunr
903 1780 1047 1841 Cicerone
1064 1781 1230 1841 amicitiam
1239 1779 1344 1860 aliquo

268 1883 354 1944 illius
384 1884 464 1946 libro
487 1887 615 1966 posteris
634 1885 724 1966 prodi
744 1888 830 1966 cupit
848 1883 879 1967 5.
897 1881 926 1944 ti.

309 2091 437 2156 Videtur
456 2095 568 2174 scripta
587 2111 655 2154 esse
672 2093 765 2173 paulo
784 2104 852 2173 post
869 2093 1077 2171 superiorem,
1097 2115 1199 2156 mense
1216 2097 1314 2156 Innio.

575 2263 742 2350 Caenos
770 2263 957 2349 Creenom
984 2263 1025 2346 S.

327 2470 359 2544 l.
410 2466 541 2542 Fene?
577 2466 674 2540 vici?
711 2479 746 2540 et
783 2469 847 2544 tibi
885 2492 1007 2563 saepe,
1044 2466 1137 2564 quod
1173 2483 1333 2560 negaras¹

274 2597 451 2670 discedens
486 2607 687 2667 curaturum
723 2595 824 2688 tibia,
862 2595 977 2666 literas
1013 2593 1142 2668 mitto?
1191 2595 1271 2686 Est,
1309 2596 1337 2665 si

272 2725 414 2823 quidem
447 2724 688 2823 perferuntur,
724 2747 808 2818 quas
841 2721 897 2795 do.
947 2721 1062 2818 Atque
1083 2723 1147 2794 hoc
1168 2721 1266 2816 egee
1287 2722 1336 2792 di·

273 2853 434 2947 ligentius
470 2849 609 2941 factito,
645 2849 739 2945 quod
774 2874 883 2945 quum
916 2851 1042 2922 otiosus
1074 2873 1173 2938 sum,
1210 2849 1335 2943 plane,

274 2981 334 3056 ubi
356 2981 526 3053 delectem
548 2980 692 3052 otiolum
715 3003 853 3068 meum,
879 3002 947 3050 non
969 2978 1090 3051 habeo.
1134 2977 1207 3048 ΤΠ*
1227 3001 1336 3073 quum

271 3109 399 3182 Romae
432 3133 526 3216 eras,
563 3110 629 3180 hoo
662 3107 747 3177 mihi
784 3119 942 3179 certum⁵
977 3130 1016 3176 ac
1052 3106 1335 3176 iucundissimum

271 3238 404 3309 vacanti
439 3237 614 3331 negotium
646 3248 740 3328 erat,
777 3247 892 3306 tecum
928 3233 963 3302 id
998 3234 1057 3304 otii
1092 3244 1228 3326 tempus
1258 3255 1335 3303 con·

272 3393 425 3442 sumere:
462 3367 568 3464 idque
604 3390 672 3438 non
710 3364 928 3437 mediocriter
964 3361 1139 3449 desidero3
1175 3371 1216 3430 ut
1250 3358 1335 3428 mihi

271 3516 339 3564 non
378 3491 503 3565 modot
541 3493 632 3566 solus
669 3516 762 3584 csse,
798 3491 859 3563 sed
900 3491 1051 3581 Romae,
1088 3500 1123 3560 te
1160 3487 1335 3584 profecto,

270 3622 421 3693 solitudo
457 3621 614 3694 videatur
649 3621 752 3693 facta:
790 3631 826 3691 et
862 3619 923 3714 qui
957 3659 1008 3701 ··.·
1045 3641 1133 3714 quae
1157 3641 1233 3689 mea
1257 3640 1336 3709 neg·

271 3749 411 3844 ligentis
453 3761 504 3822 est
548 3791 600 3805 -
635 3751 761 3822 multos
794 3769 894 3842 saepe
927 3746 1001 3818 dics
1035 3747 1080 3819 ad
1127 3758 1184 3837 te,
1226 3769 1337 3842 quum

271 3877 329 3949 hic
366 3902 462 3970 eros,
498 3903 567 3958 non
603 3877 828 3964 accedebam,
865 3899 958 3946 nunc
994 3875 1149 3972 quotidie
1172 3897 1241 3945 non
1265 3895 1337 3944 esse

273 4020 329 4100 te,
355 4008 398 4079 ad
423 4032 529 4106 quem
552 4007 737 4095 cursitem,
762 4003 960 4076 discrucior.

316 4248 357 4318 (1)
367 4247 480 4316 -qssod
492 4262 534 4297 me
545 4262 606 4312 aeg.
621 4245 713 4297 Lemb.
733 4245 773 4314 (²)
782 4261 875 4297 -om.
896 4244 944 4296 tibi
956 4241 1039 4312 Neep.
1052 4241 1121 4294 Cret.
1130 4239 1222 4292 Lomb.
1243 4238 1283 4307 (3)
1294 4235 1339 4290 Sic

270 4337 322 4392 nd.
346 4337 443 4390 bned.
467 4337 514 4389 isos
528 4344 567 4388 est
583 4335 679 4398 abian,
705 4343 734 4385 nt
756 4336 784 4385 in
799 4335 847 4402 up.
863 4351 950 4402 super.
964 4333 1011 4384 soe
1027 4331 1113 4397 tnagis
1127 4329 1339 4382 animadversum

270 4429 317 4480 'ssi-
340 4453 377 4470 ·-
398 4427 448 4483 Itu
587 4427 657 4482 Ceti.
692 4423 733 4494 (4)
758 4452 794 4464 -
820 4423 890 4475 Tem
911 4421 1003 4473 Lamb.
1039 4420 1078 4488 (5)
1105 4449 1139 4460 -—
1165 4418 1337 4471 certissimum

269 4515 367 4575 lamb
644 4513 688 4568 ed.
706 4541 740 4555 -
756 4517 789 4566 ut
804 4528 857 4566 nost
875 4511 946 4564 mode
963 4511 1026 4562 mihi
1041 4510 1109 4564 Ceu.
