<?xml version="1.0" encoding="UTF-8"?>
<!DOCTYPE html PUBLIC "-//W3C//DTD XHTML 1.0 Transitional//EN"
    "http://www.w3.org/TR/xhtml1/DTD/xhtml1-transitional.dtd">
<html xmlns="http://www.w3.org/1999/xhtml" xml:lang="en" lang="en">
 <head>
  <title>
</title>
<meta http-equiv="Content-Type" content="text/html;charset=utf-8" />
  <meta name='ocr-system' content='tesseract 3.04.00' />
  <meta name='ocr-capabilities' content='ocr_page ocr_carea ocr_par ocr_line ocrx_word'/>
</head>
<body>
  <div class='ocr_page' id='page_1' title='image "./caeliirufietcic00surigoog_0205.png"; bbox 0 0 2978 5186; ppageno 0'>
   <div class='ocr_carea' id='block_1_1' title="bbox 262 516 1325 602">
    <p class='ocr_par' dir='ltr' id='par_1_1' title="bbox 262 516 1325 602">
     <span class='ocr_line' id='line_1_1' title="bbox 262 516 1325 602; baseline -0.006 -20"><span class='ocrx_word' id='word_1_1' title='bbox 262 523 431 602; x_wconf 76' lang='lat' dir='ltr'><strong>phouemn5</strong></span> <span class='ocrx_word' id='word_1_2' title='bbox 453 541 524 579; x_wconf 82' lang='lat' dir='ltr'><strong>nam</strong></span> <span class='ocrx_word' id='word_1_3' title='bbox 545 521 641 578; x_wconf 81' lang='lat' dir='ltr'><strong>ironia</strong></span> <span class='ocrx_word' id='word_1_4' title='bbox 663 523 766 591; x_wconf 87' lang='lat' dir='ltr'><strong>suavi,</strong></span> <span class='ocrx_word' id='word_1_5' title='bbox 796 526 825 576; x_wconf 90' lang='lat' dir='ltr'><strong>et</strong></span> <span class='ocrx_word' id='word_1_6' title='bbox 843 519 1000 598; x_wconf 78' lang='lat' dir='ltr'><strong>exquisitis</strong></span> <span class='ocrx_word' id='word_1_7' title='bbox 1018 518 1119 577; x_wconf 84' lang='lat' dir='ltr'><strong>verbis</strong></span> <span class='ocrx_word' id='word_1_8' title='bbox 1137 516 1325 594; x_wconf 80' lang='lat' dir='ltr'><strong>ostenditur,</strong></span> 
     </span>
    </p>
   </div>
   <div class='ocr_carea' id='block_1_2' title="bbox 190 621 1372 4387">
    <p class='ocr_par' dir='ltr' id='par_1_2' title="bbox 260 621 1326 708">
     <span class='ocr_line' id='line_1_2' title="bbox 260 621 1326 708; baseline -0.002 -21"><span class='ocrx_word' id='word_1_9' title='bbox 260 648 352 708; x_wconf 87' lang='lat' dir='ltr'><strong>quem</strong></span> <span class='ocrx_word' id='word_1_10' title='bbox 373 627 459 685; x_wconf 85' lang='lat' dir='ltr'><strong>nulla</strong></span> <span class='ocrx_word' id='word_1_11' title='bbox 470 635 522 685; x_wconf 86' lang='lat' dir='ltr'><strong>aut</strong></span> <span class='ocrx_word' id='word_1_12' title='bbox 533 634 614 684; x_wconf 88' lang='lat' dir='ltr'><strong>oerte</strong></span> <span class='ocrx_word' id='word_1_13' title='bbox 624 624 718 683; x_wconf 85' lang='lat' dir='ltr'><strong>infide</strong></span> <span class='ocrx_word' id='word_1_14' title='bbox 728 621 1001 683; x_wconf 83' lang='lat' dir='ltr'><strong>sitembitiosorum</strong></span> <span class='ocrx_word' id='word_1_15' title='bbox 1014 625 1156 684; x_wconf 84' lang='lat' dir='ltr'><strong>amicitia.</strong></span> <span class='ocrx_word' id='word_1_16' title='bbox 1196 626 1326 685; x_wconf 70' lang='lat' dir='ltr'><strong>wreus.</strong></span> 
     </span>
    </p>

    <p class='ocr_par' dir='ltr' id='par_1_3' title="bbox 234 723 1372 2177">
     <span class='ocr_line' id='line_1_3' title="bbox 305 723 1328 810; baseline -0.002 -20"><span class='ocrx_word' id='word_1_17' title='bbox 305 732 351 790; x_wconf 90' lang='lat' dir='ltr'><strong>ad</strong></span> <span class='ocrx_word' id='word_1_18' title='bbox 371 730 513 789; x_wconf 80' lang='lat' dir='ltr'><strong>bellum</strong></span> <span class='ocrx_word' id='word_1_19' title='bbox 544 750 581 787; x_wconf 87' lang='lat' dir='ltr'><strong>se</strong></span> <span class='ocrx_word' id='word_1_20' title='bbox 601 732 777 810; x_wconf 77' lang='lat' dir='ltr'><strong>erumpit.</strong></span> <span class='ocrx_word' id='word_1_21' title='bbox 821 729 961 808; x_wconf 86' lang='lat' dir='ltr'><strong>Erumpit</strong></span> <span class='ocrx_word' id='word_1_22' title='bbox 981 739 1010 788; x_wconf 86' lang='lat' dir='ltr'><strong>et</strong></span> <span class='ocrx_word' id='word_1_23' title='bbox 1029 731 1155 810; x_wconf 78' lang='lat' dir='ltr'><strong>erumpit</strong></span> <span class='ocrx_word' id='word_1_24' title='bbox 1172 723 1216 806; x_wconf 80' lang='lat' dir='ltr'><strong>si,</strong></span> <span class='ocrx_word' id='word_1_25' title='bbox 1240 739 1328 790; x_wconf 88' lang='lat' dir='ltr'><strong>vete-</strong></span> 
     </span>
     <span class='ocr_line' id='line_1_4' title="bbox 260 832 1327 917; baseline -0.002 -21"><span class='ocrx_word' id='word_1_26' title='bbox 260 857 307 896; x_wconf 86' lang='lat' dir='ltr'><strong>res</strong></span> <span class='ocrx_word' id='word_1_27' title='bbox 339 836 489 895; x_wconf 83' lang='lat' dir='ltr'><strong>dicebant.</strong></span> <span class='ocrx_word' id='word_1_28' title='bbox 541 834 646 893; x_wconf 80' lang='lat' dir='ltr'><strong>Caesar</strong></span> <span class='ocrx_word' id='word_1_29' title='bbox 675 834 714 892; x_wconf 92' lang='lat' dir='ltr'><strong>de</strong></span> <span class='ocrx_word' id='word_1_30' title='bbox 740 835 770 894; x_wconf 91' lang='lat' dir='ltr'><strong>B.</strong></span> <span class='ocrx_word' id='word_1_31' title='bbox 799 834 860 893; x_wconf 84' lang='lat' dir='ltr'><strong>Cir.</strong></span> <span class='ocrx_word' id='word_1_32' title='bbox 898 833 937 892; x_wconf 94' lang='lat' dir='ltr'><strong>Il.</strong></span> <span class='ocrx_word' id='word_1_33' title='bbox 969 832 1015 893; x_wconf 91' lang='lat'><strong>14.</strong></span> <span class='ocrx_word' id='word_1_34' title='bbox 1040 837 1139 914; x_wconf 85' lang='lat' dir='ltr'><strong>partis</strong></span> <span class='ocrx_word' id='word_1_35' title='bbox 1173 857 1203 894; x_wconf 86' lang='lat' dir='ltr'><strong>se</strong></span> <span class='ocrx_word' id='word_1_36' title='bbox 1233 837 1327 917; x_wconf 77' lang='lat' dir='ltr'><strong>joras</strong></span> 
     </span>
     <span class='ocr_line' id='line_1_5' title="bbox 263 937 1328 1022; baseline -0.003 -21"><span class='ocrx_word' id='word_1_37' title='bbox 263 951 428 1022; x_wconf 83' lang='lat' dir='ltr'><strong>erumpunt.</strong></span> <span class='ocrx_word' id='word_1_38' title='bbox 460 940 605 1018; x_wconf 71' lang='lat' dir='ltr'><strong>Virgilius</strong></span> <span class='ocrx_word' id='word_1_39' title='bbox 622 940 727 1018; x_wconf 80' lang='lat' dir='ltr'><strong>Georg.</strong></span> <span class='ocrx_word' id='word_1_40' title='bbox 748 939 771 1000; x_wconf 92' lang='lat' dir='ltr'><strong>l.</strong></span> <span class='ocrx_word' id='word_1_41' title='bbox 790 937 858 998; x_wconf 90' lang='lat'><strong>445.</strong></span> <span class='ocrx_word' id='word_1_42' title='bbox 891 937 954 996; x_wconf 84' lang='lat' dir='ltr'><strong>Aut</strong></span> <span class='ocrx_word' id='word_1_43' title='bbox 973 938 1026 996; x_wconf 85' lang='lat' dir='ltr'><strong>ubi</strong></span> <span class='ocrx_word' id='word_1_44' title='bbox 1045 940 1098 998; x_wconf 84' lang='lat' dir='ltr'><strong>sub</strong></span> <span class='ocrx_word' id='word_1_45' title='bbox 1119 939 1212 999; x_wconf 83' lang='lat' dir='ltr'><strong>lucem</strong></span> <span class='ocrx_word' id='word_1_46' title='bbox 1234 941 1328 998; x_wconf 80' lang='lat' dir='ltr'><strong>densa</strong></span> 
     </span>
     <span class='ocr_line' id='line_1_6' title="bbox 265 1041 1327 1123; baseline -0.001 -17"><span class='ocrx_word' id='word_1_47' title='bbox 265 1051 346 1106; x_wconf 87' lang='lat' dir='ltr'><strong>iuter</strong></span> <span class='ocrx_word' id='word_1_48' title='bbox 376 1046 480 1104; x_wconf 80' lang='lat' dir='ltr'><strong>uubila</strong></span> <span class='ocrx_word' id='word_1_49' title='bbox 508 1064 568 1102; x_wconf 87' lang='lat' dir='ltr'><strong>sese</strong></span> <span class='ocrx_word' id='word_1_50' title='bbox 599 1041 722 1106; x_wconf 81' lang='lat' dir='ltr'><strong>Diuersi</strong></span> <span class='ocrx_word' id='word_1_51' title='bbox 740 1054 889 1123; x_wconf 81' lang='lat' dir='ltr'><strong>erumpent</strong></span> <span class='ocrx_word' id='word_1_52' title='bbox 906 1044 996 1104; x_wconf 88' lang='lat' dir='ltr'><strong>radii.</strong></span> <span class='ocrx_word' id='word_1_53' title='bbox 1039 1045 1074 1102; x_wconf 85' lang='lat' dir='ltr'><strong>Et</strong></span> <span class='ocrx_word' id='word_1_54' title='bbox 1094 1044 1169 1103; x_wconf 89' lang='lat' dir='ltr'><strong>ibid.</strong></span> <span class='ocrx_word' id='word_1_55' title='bbox 1186 1046 1236 1104; x_wconf 91' lang='lat' dir='ltr'><strong>IV.</strong></span> <span class='ocrx_word' id='word_1_56' title='bbox 1255 1043 1327 1105; x_wconf 86' lang='grc'><strong>368.</strong></span> 
     </span>
     <span class='ocr_line' id='line_1_7' title="bbox 234 1135 1372 1232; baseline -0.004 -20"><span class='ocrx_word' id='word_1_57' title='bbox 234 1217 238 1228; x_wconf 54' lang='grc'><em>,</em></span> <span class='ocrx_word' id='word_1_58' title='bbox 264 1153 306 1212; x_wconf 89' lang='lat' dir='ltr'><strong>Et</strong></span> <span class='ocrx_word' id='word_1_59' title='bbox 333 1161 439 1232; x_wconf 85' lang='lat' dir='ltr'><strong>eaput,</strong></span> <span class='ocrx_word' id='word_1_60' title='bbox 469 1149 545 1208; x_wconf 89' lang='lat' dir='ltr'><strong>uude</strong></span> <span class='ocrx_word' id='word_1_61' title='bbox 573 1149 650 1206; x_wconf 88' lang='lat' dir='ltr'><strong>altus</strong></span> <span class='ocrx_word' id='word_1_62' title='bbox 664 1149 797 1230; x_wconf 88' lang='lat' dir='ltr'><strong>primum</strong></span> <span class='ocrx_word' id='word_1_63' title='bbox 816 1169 845 1206; x_wconf 90' lang='lat' dir='ltr'><strong>se</strong></span> <span class='ocrx_word' id='word_1_64' title='bbox 862 1151 989 1228; x_wconf 81' lang='lat' dir='ltr'><strong>erumpit</strong></span> <span class='ocrx_word' id='word_1_65' title='bbox 1005 1149 1147 1230; x_wconf 84' lang='lat' dir='ltr'><strong>Euipeus.</strong></span> <span class='ocrx_word' id='word_1_66' title='bbox 1193 1150 1229 1208; x_wconf 85' lang='lat' dir='ltr'><strong>Et</strong></span> <span class='ocrx_word' id='word_1_67' title='bbox 1249 1149 1325 1228; x_wconf 75' lang='lat' dir='ltr'><strong>Aen,</strong></span> <span class='ocrx_word' id='word_1_68' title='bbox 1368 1135 1372 1142; x_wconf 43' lang='lat'>¹</span> 
     </span>
     <span class='ocr_line' id='line_1_8' title="bbox 263 1253 1326 1336; baseline -0.005 -17"><span class='ocrx_word' id='word_1_69' title='bbox 263 1259 318 1320; x_wconf 91' lang='lat' dir='ltr'><strong>Ill.</strong></span> <span class='ocrx_word' id='word_1_70' title='bbox 351 1256 420 1316; x_wconf 84' lang='lat'><strong>572.</strong></span> <span class='ocrx_word' id='word_1_71' title='bbox 462 1253 671 1334; x_wconf 81' lang='lat' dir='ltr'><strong>Interdumque</strong></span> <span class='ocrx_word' id='word_1_72' title='bbox 696 1264 790 1310; x_wconf 92' lang='lat' dir='ltr'><strong>atram</strong></span> <span class='ocrx_word' id='word_1_73' title='bbox 810 1257 979 1336; x_wconf 83' lang='lat' dir='ltr'><strong>prorumpit</strong></span> <span class='ocrx_word' id='word_1_74' title='bbox 1010 1255 1049 1312; x_wconf 87' lang='lat' dir='ltr'><strong>ad</strong></span> <span class='ocrx_word' id='word_1_75' title='bbox 1074 1257 1190 1314; x_wconf 78' lang='lat' dir='ltr'><strong>aethera</strong></span> <span class='ocrx_word' id='word_1_76' title='bbox 1208 1255 1326 1316; x_wconf 80' lang='lat' dir='ltr'><strong>uatem.</strong></span> 
     </span>
     <span class='ocr_line' id='line_1_9' title="bbox 262 1349 1330 1444; baseline -0.003 -20"><span class='ocrx_word' id='word_1_77' title='bbox 262 1351 421 1424; x_wconf 61' lang='lat' dir='ltr'><strong>Lueretius</strong></span> <span class='ocrx_word' id='word_1_78' title='bbox 451 1361 498 1420; x_wconf 93' lang='lat' dir='ltr'><strong>IV.</strong></span> <span class='ocrx_word' id='word_1_79' title='bbox 531 1359 618 1420; x_wconf 81' lang='lat'><strong>1108.</strong></span> <span class='ocrx_word' id='word_1_80' title='bbox 667 1359 792 1444; x_wconf 83' lang='lat' dir='ltr'><strong>Tandem</strong></span> <span class='ocrx_word' id='word_1_81' title='bbox 810 1349 875 1416; x_wconf 83' lang='lat' dir='ltr'><strong>&#39;ubi</strong></span> <span class='ocrx_word' id='word_1_82' title='bbox 902 1356 935 1424; x_wconf 82' lang='lat' dir='ltr'><strong>ie¹</strong></span> <span class='ocrx_word' id='word_1_83' title='bbox 957 1361 1054 1438; x_wconf 88' lang='lat' dir='ltr'><strong>erupit</strong></span> <span class='ocrx_word' id='word_1_84' title='bbox 1073 1363 1172 1420; x_wconf 81' lang='lat' dir='ltr'><strong>nervis</strong></span> <span class='ocrx_word' id='word_1_85' title='bbox 1193 1363 1330 1422; x_wconf 84' lang='lat' dir='ltr'><strong>oouieota</strong></span> 
     </span>
     <span class='ocr_line' id='line_1_10' title="bbox 264 1463 1328 1550; baseline -0.003 -23"><span class='ocrx_word' id='word_1_86' title='bbox 264 1468 390 1550; x_wconf 81' lang='lat' dir='ltr'><strong>cupido,</strong></span> <span class='ocrx_word' id='word_1_87' title='bbox 418 1466 520 1524; x_wconf 82' lang='lat' dir='ltr'><strong>Parva</strong></span> <span class='ocrx_word' id='word_1_88' title='bbox 540 1465 582 1544; x_wconf 83' lang='lat' dir='ltr'><strong>flt</strong></span> <span class='ocrx_word' id='word_1_89' title='bbox 609 1464 724 1523; x_wconf 84' lang='lat' dir='ltr'><strong>ardoris</strong></span> <span class='ocrx_word' id='word_1_90' title='bbox 752 1463 875 1522; x_wconf 78' lang='lat' dir='ltr'><strong>uiolenti</strong></span> <span class='ocrx_word' id='word_1_91' title='bbox 896 1485 995 1548; x_wconf 84' lang='lat' dir='ltr'><strong>pausa</strong></span> <span class='ocrx_word' id='word_1_92' title='bbox 1012 1486 1180 1549; x_wconf 81' lang='lat' dir='ltr'><strong>parumper.</strong></span> <span class='ocrx_word' id='word_1_93' title='bbox 1222 1466 1328 1528; x_wconf 81' lang='lat' dir='ltr'><strong>Attius</strong></span> 
     </span>
     <span class='ocr_line' id='line_1_11' title="bbox 263 1568 1331 1654; baseline -0.004 -21"><span class='ocrx_word' id='word_1_94' title='bbox 263 1573 415 1654; x_wconf 82' lang='lat' dir='ltr'><strong>Epigono,</strong></span> <span class='ocrx_word' id='word_1_95' title='bbox 446 1571 527 1648; x_wconf 83' lang='lat' dir='ltr'><strong>opud</strong></span> <span class='ocrx_word' id='word_1_96' title='bbox 551 1572 701 1630; x_wconf 84' lang='lat' dir='ltr'><strong>Nonium:</strong></span> <span class='ocrx_word' id='word_1_97' title='bbox 732 1568 891 1648; x_wconf 88' lang='lat' dir='ltr'><strong>Imperitus</strong></span> <span class='ocrx_word' id='word_1_98' title='bbox 918 1570 1091 1648; x_wconf 73' lang='lat' dir='ltr'><strong>stupiditate</strong></span> <span class='ocrx_word' id='word_1_99' title='bbox 1119 1573 1246 1650; x_wconf 87' lang='lat' dir='ltr'><strong>erumpit</strong></span> <span class='ocrx_word' id='word_1_100' title='bbox 1282 1592 1331 1647; x_wconf 84' lang='lat' dir='ltr'><strong>ss,</strong></span> 
     </span>
     <span class='ocr_line' id='line_1_12' title="bbox 264 1675 1333 1760; baseline -0.003 -23"><span class='ocrx_word' id='word_1_101' title='bbox 264 1681 359 1760; x_wconf 89' lang='lat' dir='ltr'><strong>impos</strong></span> <span class='ocrx_word' id='word_1_102' title='bbox 381 1677 566 1736; x_wconf 84' lang='lat' dir='ltr'><strong>eousilii.--</strong></span> <span class='ocrx_word' id='word_1_103' title='bbox 607 1675 654 1734; x_wconf 84' lang='lat' dir='ltr'><strong>sie</strong></span> <span class='ocrx_word' id='word_1_104' title='bbox 681 1677 816 1756; x_wconf 83' lang='lat' dir='ltr'><strong>emergit,</strong></span> <span class='ocrx_word' id='word_1_105' title='bbox 846 1683 875 1733; x_wconf 89' lang='lat' dir='ltr'><strong>et</strong></span> <span class='ocrx_word' id='word_1_106' title='bbox 905 1677 1028 1756; x_wconf 81' lang='lat' dir='ltr'><strong>emergit</strong></span> <span class='ocrx_word' id='word_1_107' title='bbox 1055 1697 1084 1734; x_wconf 85' lang='lat' dir='ltr'><strong>se</strong></span> <span class='ocrx_word' id='word_1_108' title='bbox 1109 1676 1250 1755; x_wconf 84' lang='lat' dir='ltr'><strong>probavit</strong></span> <span class='ocrx_word' id='word_1_109' title='bbox 1279 1697 1333 1740; x_wconf 86' lang='lat' dir='ltr'><strong>en·</strong></span> 
     </span>
     <span class='ocr_line' id='line_1_13' title="bbox 265 1779 1334 1864; baseline -0.004 -22"><span class='ocrx_word' id='word_1_110' title='bbox 265 1786 352 1864; x_wconf 81' lang='lat' dir='ltr'><strong>tique</strong></span> <span class='ocrx_word' id='word_1_111' title='bbox 374 1781 571 1841; x_wconf 81' lang='lat' dir='ltr'><strong>consuetudo.</strong></span> <span class='ocrx_word' id='word_1_112' title='bbox 613 1780 716 1840; x_wconf 83' lang='lat' dir='ltr'><strong>Cicero</strong></span> <span class='ocrx_word' id='word_1_113' title='bbox 744 1779 781 1838; x_wconf 92' lang='lat' dir='ltr'><strong>de</strong></span> <span class='ocrx_word' id='word_1_114' title='bbox 801 1780 925 1858; x_wconf 84' lang='lat' dir='ltr'><strong>llarusp.</strong></span> <span class='ocrx_word' id='word_1_115' title='bbox 950 1800 1026 1858; x_wconf 87' lang='lat' dir='ltr'><strong>resp.</strong></span> <span class='ocrx_word' id='word_1_116' title='bbox 1051 1801 1077 1840; x_wconf 89' lang='lat' dir='ltr'><strong>c.</strong></span> <span class='ocrx_word' id='word_1_117' title='bbox 1097 1779 1145 1840; x_wconf 85' lang='lat'><strong>25.</strong></span> <span class='ocrx_word' id='word_1_118' title='bbox 1188 1780 1334 1838; x_wconf 80' lang='lat' dir='ltr'><strong>Iamistu</strong></span> 
     </span>
     <span class='ocr_line' id='line_1_14' title="bbox 265 1885 1335 1969; baseline -0.003 -22"><span class='ocrx_word' id='word_1_119' title='bbox 265 1908 402 1969; x_wconf 81' lang='lat' dir='ltr'><strong>serpeus,</strong></span> <span class='ocrx_word' id='word_1_120' title='bbox 430 1906 504 1965; x_wconf 80' lang='lat' dir='ltr'><strong>quae</strong></span> <span class='ocrx_word' id='word_1_121' title='bbox 535 1895 597 1942; x_wconf 91' lang='lat' dir='ltr'><strong>tum</strong></span> <span class='ocrx_word' id='word_1_122' title='bbox 615 1885 664 1944; x_wconf 78' lang='lat' dir='ltr'><strong>tic</strong></span> <span class='ocrx_word' id='word_1_123' title='bbox 684 1885 844 1958; x_wconf 79' lang='lat' dir='ltr'><strong>delitescit,</strong></span> <span class='ocrx_word' id='word_1_124' title='bbox 862 1895 923 1943; x_wconf 90' lang='lat' dir='ltr'><strong>tum</strong></span> <span class='ocrx_word' id='word_1_125' title='bbox 939 1907 969 1943; x_wconf 85' lang='lat' dir='ltr'><strong>se</strong></span> <span class='ocrx_word' id='word_1_126' title='bbox 990 1888 1112 1966; x_wconf 81' lang='lat' dir='ltr'><strong>emergit</strong></span> <span class='ocrx_word' id='word_1_127' title='bbox 1129 1895 1157 1944; x_wconf 83' lang='lat' dir='ltr'><strong>et</strong></span> <span class='ocrx_word' id='word_1_128' title='bbox 1166 1887 1272 1968; x_wconf 87' lang='lat' dir='ltr'><strong>fertur</strong></span> <span class='ocrx_word' id='word_1_129' title='bbox 1289 1886 1335 1944; x_wconf 85' lang='lat' dir='ltr'><strong>il-</strong></span> 
     </span>
     <span class='ocr_line' id='line_1_15' title="bbox 268 1991 1335 2072; baseline 0.002 -21"><span class='ocrx_word' id='word_1_130' title='bbox 268 1994 331 2069; x_wconf 84' lang='lat' dir='ltr'><strong>lus,</strong></span> <span class='ocrx_word' id='word_1_131' title='bbox 355 2012 519 2071; x_wconf 79' lang='lat' dir='ltr'><strong>compressa</strong></span> <span class='ocrx_word' id='word_1_132' title='bbox 550 2001 636 2070; x_wconf 85' lang='lat' dir='ltr'><strong>atque</strong></span> <span class='ocrx_word' id='word_1_133' title='bbox 661 1991 735 2048; x_wconf 84' lang='lat' dir='ltr'><strong>elisa</strong></span> <span class='ocrx_word' id='word_1_134' title='bbox 764 1992 914 2048; x_wconf 85' lang='lat' dir='ltr'><strong>morietur.</strong></span> <span class='ocrx_word' id='word_1_135' title='bbox 965 1991 1062 2072; x_wconf 87' lang='lat' dir='ltr'><strong>Nepos</strong></span> <span class='ocrx_word' id='word_1_136' title='bbox 1089 1993 1121 2051; x_wconf 90' lang='lat' dir='ltr'><strong>in</strong></span> <span class='ocrx_word' id='word_1_137' title='bbox 1145 1993 1240 2052; x_wconf 83' lang='lat' dir='ltr'><strong>Attici</strong></span> <span class='ocrx_word' id='word_1_138' title='bbox 1268 1995 1335 2054; x_wconf 81' lang='lat' dir='ltr'><strong>vitu</strong></span> 
     </span>
     <span class='ocr_line' id='line_1_16' title="bbox 265 2073 1332 2177; baseline 0 -21"><span class='ocrx_word' id='word_1_139' title='bbox 265 2116 292 2158; x_wconf 87' lang='lat' dir='ltr'><strong>e.</strong></span> <span class='ocrx_word' id='word_1_140' title='bbox 310 2073 375 2157; x_wconf 73' lang='lat'><strong>11.</strong></span> <span class='ocrx_word' id='word_1_141' title='bbox 401 2095 515 2177; x_wconf 79' lang='lat' dir='ltr'><strong>Quibus</strong></span> <span class='ocrx_word' id='word_1_142' title='bbox 530 2117 565 2155; x_wconf 83' lang='lat' dir='ltr'><strong>er</strong></span> <span class='ocrx_word' id='word_1_143' title='bbox 580 2096 668 2154; x_wconf 86' lang='lat' dir='ltr'><strong>malis</strong></span> <span class='ocrx_word' id='word_1_144' title='bbox 686 2105 719 2152; x_wconf 89' lang='lat' dir='ltr'><strong>ut</strong></span> <span class='ocrx_word' id='word_1_145' title='bbox 736 2117 765 2154; x_wconf 90' lang='lat' dir='ltr'><strong>se</strong></span> <span class='ocrx_word' id='word_1_146' title='bbox 784 2098 911 2158; x_wconf 79' lang='lat' dir='ltr'><strong>emersit.</strong></span> <span class='ocrx_word' id='word_1_147' title='bbox 1226 2097 1332 2156; x_wconf 71' lang='lat' dir='ltr'><strong>Minor.</strong></span> 
     </span>
    </p>

    <p class='ocr_par' dir='ltr' id='par_1_4' title="bbox 265 2200 1352 2386">
     <span class='ocr_line' id='line_1_17' title="bbox 305 2200 1331 2280; baseline 0.005 -20"><span class='ocrx_word' id='word_1_148' title='bbox 305 2237 366 2249; x_wconf 81' lang='lat'><strong>--</strong></span> <span class='ocrx_word' id='word_1_149' title='bbox 386 2237 447 2248; x_wconf 88' lang='lat'><em>-</em></span> <span class='ocrx_word' id='word_1_150' title='bbox 487 2202 535 2260; x_wconf 87' lang='lat' dir='ltr'><strong>Sic</strong></span> <span class='ocrx_word' id='word_1_151' title='bbox 556 2211 585 2260; x_wconf 80' lang='lat' dir='ltr'><strong>e‘t</strong></span> <span class='ocrx_word' id='word_1_152' title='bbox 605 2200 677 2274; x_wconf 86' lang='lat' dir='ltr'><strong>alii,</strong></span> <span class='ocrx_word' id='word_1_153' title='bbox 705 2220 761 2259; x_wconf 89' lang='lat' dir='ltr'><strong>neo</strong></span> <span class='ocrx_word' id='word_1_154' title='bbox 778 2202 867 2259; x_wconf 88' lang='lat' dir='ltr'><strong>modo</strong></span> <span class='ocrx_word' id='word_1_155' title='bbox 886 2204 1134 2280; x_wconf 83' lang='lat' dir='ltr'><strong>poetae,utLiv.</strong></span> <span class='ocrx_word' id='word_1_156' title='bbox 1153 2203 1278 2262; x_wconf 84' lang='lat' dir='ltr'><strong>XXXVI.</strong></span> <span class='ocrx_word' id='word_1_157' title='bbox 1300 2201 1331 2265; x_wconf 85' lang='grc'><strong>7.</strong></span> 
     </span>
     <span class='ocr_line' id='line_1_18' title="bbox 265 2305 1352 2386; baseline 0 -20"><span class='ocrx_word' id='word_1_158' title='bbox 265 2308 341 2366; x_wconf 88' lang='lat' dir='ltr'><strong>Vide</strong></span> <span class='ocrx_word' id='word_1_159' title='bbox 358 2308 447 2385; x_wconf 83' lang='lat' dir='ltr'><strong>pluro</strong></span> <span class='ocrx_word' id='word_1_160' title='bbox 468 2307 549 2386; x_wconf 86' lang='lat' dir='ltr'><strong>epud</strong></span> <span class='ocrx_word' id='word_1_161' title='bbox 569 2306 718 2365; x_wconf 78' lang='lat' dir='ltr'><strong>Drakenb.</strong></span> <span class='ocrx_word' id='word_1_162' title='bbox 733 2308 771 2364; x_wconf 84' lang='lat' dir='ltr'><strong>ed</strong></span> <span class='ocrx_word' id='word_1_163' title='bbox 789 2307 896 2366; x_wconf 87' lang='lat' dir='ltr'><strong>Silium</strong></span> <span class='ocrx_word' id='word_1_164' title='bbox 921 2305 982 2366; x_wconf 91' lang='lat' dir='ltr'><strong>Vll.</strong></span> <span class='ocrx_word' id='word_1_165' title='bbox 999 2307 1068 2366; x_wconf 88' lang='grc'><strong>355.</strong></span> <span class='ocrx_word' id='word_1_166' title='bbox 1206 2307 1352 2386; x_wconf 62' lang='lat' dir='ltr'><strong>Euneon„</strong></span> 
     </span>
    </p>

    <p class='ocr_par' dir='ltr' id='par_1_5' title="bbox 266 2411 1362 2809">
     <span class='ocr_line' id='line_1_19' title="bbox 307 2411 1335 2492; baseline 0.001 -23"><span class='ocrx_word' id='word_1_167' title='bbox 307 2412 408 2492; x_wconf 78' lang='lat' dir='ltr'><strong>quod</strong></span> <span class='ocrx_word' id='word_1_168' title='bbox 425 2411 642 2469; x_wconf 85' lang='lat' dir='ltr'><strong>aausilium</strong></span> <span class='ocrx_word' id='word_1_169' title='bbox 663 2413 824 2490; x_wconf 80' lang='lat' dir='ltr'><strong>cupiam.</strong></span> <span class='ocrx_word' id='word_1_170' title='bbox 867 2413 987 2472; x_wconf 82' lang='lat' dir='ltr'><strong>Correxi</strong></span> <span class='ocrx_word' id='word_1_171' title='bbox 1008 2413 1165 2472; x_wconf 76' lang='lat' dir='ltr'><strong>eonsilium</strong></span> <span class='ocrx_word' id='word_1_172' title='bbox 1182 2432 1238 2492; x_wconf 89' lang='lat' dir='ltr'><strong>pro</strong></span> <span class='ocrx_word' id='word_1_173' title='bbox 1260 2433 1335 2470; x_wconf 88' lang='lat' dir='ltr'><strong>eau-</strong></span> 
     </span>
     <span class='ocr_line' id='line_1_20' title="bbox 268 2515 1336 2596; baseline 0 -20"><span class='ocrx_word' id='word_1_174' title='bbox 268 2518 352 2590; x_wconf 73' lang='lat' dir='ltr'><strong>sitit,</strong></span> <span class='ocrx_word' id='word_1_175' title='bbox 384 2538 420 2576; x_wconf 85' lang='lat' dir='ltr'><strong>ex</strong></span> <span class='ocrx_word' id='word_1_176' title='bbox 451 2518 498 2576; x_wconf 88' lang='lat' dir='ltr'><strong>ed.</strong></span> <span class='ocrx_word' id='word_1_177' title='bbox 523 2515 611 2577; x_wconf 86' lang='lat'><strong>1471.</strong></span> <span class='ocrx_word' id='word_1_178' title='bbox 629 2537 699 2578; x_wconf 84' lang='lat' dir='ltr'><strong>nam</strong></span> <span class='ocrx_word' id='word_1_179' title='bbox 718 2518 797 2596; x_wconf 81' lang='lat' dir='ltr'><strong>quad</strong></span> <span class='ocrx_word' id='word_1_180' title='bbox 814 2518 951 2592; x_wconf 84' lang='lat' dir='ltr'><strong>aemilii,</strong></span> <span class='ocrx_word' id='word_1_181' title='bbox 974 2526 1008 2576; x_wconf 90' lang='lat' dir='ltr'><strong>ut</strong></span> <span class='ocrx_word' id='word_1_182' title='bbox 1029 2528 1074 2576; x_wconf 86' lang='lat' dir='ltr'><strong>est</strong></span> <span class='ocrx_word' id='word_1_183' title='bbox 1092 2520 1123 2576; x_wconf 93' lang='lat' dir='ltr'><strong>in</strong></span> <span class='ocrx_word' id='word_1_184' title='bbox 1145 2518 1250 2596; x_wconf 78' lang='lat' dir='ltr'><strong>vulgg.</strong></span> <span class='ocrx_word' id='word_1_185' title='bbox 1270 2518 1336 2579; x_wconf 90' lang='lat' dir='ltr'><strong>dioi</strong></span> 
     </span>
     <span class='ocr_line' id='line_1_21' title="bbox 266 2621 1337 2702; baseline 0.003 -20"><span class='ocrx_word' id='word_1_186' title='bbox 266 2643 328 2682; x_wconf 92' lang='lat' dir='ltr'><strong>non</strong></span> <span class='ocrx_word' id='word_1_187' title='bbox 356 2632 462 2702; x_wconf 85' lang='lat' dir='ltr'><strong>potest.</strong></span> <span class='ocrx_word' id='word_1_188' title='bbox 498 2622 554 2680; x_wconf 88' lang='lat' dir='ltr'><strong>ltlS.</strong></span> <span class='ocrx_word' id='word_1_189' title='bbox 585 2621 641 2680; x_wconf 85' lang='lat' dir='ltr'><strong>Gn.</strong></span> <span class='ocrx_word' id='word_1_190' title='bbox 668 2622 714 2680; x_wconf 88' lang='lat' dir='ltr'><strong>ed.</strong></span> <span class='ocrx_word' id='word_1_191' title='bbox 747 2623 822 2683; x_wconf 85' lang='lat' dir='ltr'><strong>lled.</strong></span> <span class='ocrx_word' id='word_1_192' title='bbox 852 2623 926 2701; x_wconf 80' lang='lat' dir='ltr'><strong>quid</strong></span> <span class='ocrx_word' id='word_1_193' title='bbox 956 2622 1096 2694; x_wconf 87' lang='lat' dir='ltr'><strong>aousilii,</strong></span> <span class='ocrx_word' id='word_1_194' title='bbox 1127 2623 1180 2682; x_wconf 88' lang='lat' dir='ltr'><strong>sed</strong></span> <span class='ocrx_word' id='word_1_195' title='bbox 1211 2625 1240 2682; x_wconf 89' lang='lat' dir='ltr'><strong>ei</strong></span> <span class='ocrx_word' id='word_1_196' title='bbox 1271 2642 1337 2685; x_wconf 88' lang='lat' dir='ltr'><strong>non</strong></span> 
     </span>
     <span class='ocr_line' id='line_1_22' title="bbox 269 2727 1362 2809; baseline 0 -21"><span class='ocrx_word' id='word_1_197' title='bbox 269 2737 374 2809; x_wconf 75' lang='lat' dir='ltr'><strong>optutu</strong></span> <span class='ocrx_word' id='word_1_198' title='bbox 397 2740 441 2788; x_wconf 85' lang='lat' dir='ltr'><strong>est</strong></span> <span class='ocrx_word' id='word_1_199' title='bbox 460 2749 556 2786; x_wconf 89' lang='lat' dir='ltr'><strong>rerum</strong></span> <span class='ocrx_word' id='word_1_200' title='bbox 576 2749 714 2786; x_wconf 88' lang='lat' dir='ltr'><strong>mearum.</strong></span> <span class='ocrx_word' id='word_1_201' title='bbox 1209 2727 1336 2791; x_wconf 82' lang='lat' dir='ltr'><strong>Eusnsrr.</strong></span> <span class='ocrx_word' id='word_1_202' title='bbox 1359 2763 1362 2768; x_wconf 26' lang='grc' dir='ltr'><strong>Δ</strong></span> 
     </span>
    </p>

    <p class='ocr_par' dir='ltr' id='par_1_6' title="bbox 190 2833 1339 3532">
     <span class='ocr_line' id='line_1_23' title="bbox 306 2833 1339 2912; baseline 0.004 -22"><span class='ocrx_word' id='word_1_203' title='bbox 306 2867 368 2876; x_wconf 87' lang='lat'><em>-</em></span> <span class='ocrx_word' id='word_1_204' title='bbox 387 2863 449 2877; x_wconf 89' lang='lat'><strong>-—-</strong></span> <span class='ocrx_word' id='word_1_205' title='bbox 490 2834 564 2891; x_wconf 84' lang='lat' dir='ltr'><strong>Cum</strong></span> <span class='ocrx_word' id='word_1_206' title='bbox 590 2834 658 2892; x_wconf 84' lang='lat' dir='ltr'><strong>aliis</strong></span> <span class='ocrx_word' id='word_1_207' title='bbox 684 2835 774 2892; x_wconf 82' lang='lat' dir='ltr'><strong>etiam</strong></span> <span class='ocrx_word' id='word_1_208' title='bbox 802 2833 851 2892; x_wconf 87' lang='lat' dir='ltr'><strong>Dr.</strong></span> <span class='ocrx_word' id='word_1_209' title='bbox 883 2834 907 2894; x_wconf 95' lang='lat' dir='ltr'><strong>l.</strong></span> <span class='ocrx_word' id='word_1_210' title='bbox 934 2835 1048 2894; x_wconf 87' lang='lat' dir='ltr'><strong>ll.&#39;lll.</strong></span> <span class='ocrx_word' id='word_1_211' title='bbox 1079 2835 1164 2912; x_wconf 78' lang='lat' dir='ltr'><strong>Terg.</strong></span> <span class='ocrx_word' id='word_1_212' title='bbox 1190 2834 1270 2896; x_wconf 80' lang='lat' dir='ltr'><strong>hano</strong></span> <span class='ocrx_word' id='word_1_213' title='bbox 1290 2835 1339 2894; x_wconf 66' lang='lat' dir='ltr'><strong>le—</strong></span> 
     </span>
     <span class='ocr_line' id='line_1_24' title="bbox 190 2937 1339 3019; baseline 0.003 -23"><span class='ocrx_word' id='word_1_214' title='bbox 190 2961 192 2970; x_wconf 57' lang='lat'><strong>.</strong></span> <span class='ocrx_word' id='word_1_215' title='bbox 269 2940 399 3002; x_wconf 87' lang='lat' dir='ltr'><strong>ctionem</strong></span> <span class='ocrx_word' id='word_1_216' title='bbox 429 2937 608 2996; x_wconf 80' lang='lat' dir='ltr'><strong>confirment</strong></span> <span class='ocrx_word' id='word_1_217' title='bbox 639 2950 729 3016; x_wconf 83' lang='lat' dir='ltr'><strong>etque</strong></span> <span class='ocrx_word' id='word_1_218' title='bbox 758 2958 823 2996; x_wconf 83' lang='lat' dir='ltr'><strong>eam</strong></span> <span class='ocrx_word' id='word_1_219' title='bbox 855 2958 918 2996; x_wconf 86' lang='lat' dir='ltr'><strong>esse</strong></span> <span class='ocrx_word' id='word_1_220' title='bbox 946 2959 1048 2998; x_wconf 82' lang='lat' dir='ltr'><strong>veram</strong></span> <span class='ocrx_word' id='word_1_221' title='bbox 1069 2950 1143 3017; x_wconf 89' lang='lat' dir='ltr'><strong>puto</strong></span> <span class='ocrx_word' id='word_1_222' title='bbox 1165 2940 1222 2998; x_wconf 85' lang='lat' dir='ltr'><strong>heo</strong></span> <span class='ocrx_word' id='word_1_223' title='bbox 1242 2960 1339 3019; x_wconf 81' lang='lat' dir='ltr'><strong>parva</strong></span> 
     </span>
     <span class='ocr_line' id='line_1_25' title="bbox 268 3043 1336 3122; baseline 0.004 -20"><span class='ocrx_word' id='word_1_224' title='bbox 268 3055 370 3102; x_wconf 83' lang='lat' dir='ltr'><strong>tumen</strong></span> <span class='ocrx_word' id='word_1_225' title='bbox 402 3045 584 3112; x_wconf 80' lang='lat' dir='ltr'><strong>mutatione,</strong></span> <span class='ocrx_word' id='word_1_226' title='bbox 616 3052 649 3100; x_wconf 92' lang='lat' dir='ltr'><strong>ut</strong></span> <span class='ocrx_word' id='word_1_227' title='bbox 678 3043 797 3122; x_wconf 80' lang='lat' dir='ltr'><strong>legetur</strong></span> <span class='ocrx_word' id='word_1_228' title='bbox 825 3045 900 3122; x_wconf 84' lang='lat' dir='ltr'><strong>quid</strong></span> <span class='ocrx_word' id='word_1_229' title='bbox 920 3045 1050 3104; x_wconf 84' lang='lat' dir='ltr'><strong>causiiii.</strong></span> <span class='ocrx_word' id='word_1_230' title='bbox 1093 3044 1209 3110; x_wconf 79' lang='lat' dir='ltr'><strong>Ernesti</strong></span> <span class='ocrx_word' id='word_1_231' title='bbox 1231 3056 1336 3106; x_wconf 84' lang='lat' dir='ltr'><strong>eutem</strong></span> 
     </span>
     <span class='ocr_line' id='line_1_26' title="bbox 269 3145 1338 3230; baseline 0.006 -23"><span class='ocrx_word' id='word_1_232' title='bbox 269 3148 366 3207; x_wconf 89' lang='lat' dir='ltr'><strong>edidit</strong></span> <span class='ocrx_word' id='word_1_233' title='bbox 397 3167 433 3204; x_wconf 84' lang='lat' dir='ltr'><strong>ex</strong></span> <span class='ocrx_word' id='word_1_234' title='bbox 460 3147 506 3205; x_wconf 88' lang='lat' dir='ltr'><strong>ed.</strong></span> <span class='ocrx_word' id='word_1_235' title='bbox 534 3145 620 3207; x_wconf 79' lang='lat'><strong>1471.</strong></span> <span class='ocrx_word' id='word_1_236' title='bbox 643 3148 721 3226; x_wconf 83' lang='lat' dir='ltr'><strong>quad</strong></span> <span class='ocrx_word' id='word_1_237' title='bbox 740 3148 917 3224; x_wconf 83' lang='lat' dir='ltr'><strong>consilium,</strong></span> <span class='ocrx_word' id='word_1_238' title='bbox 937 3152 1016 3208; x_wconf 91' lang='lat' dir='ltr'><strong>sieut</strong></span> <span class='ocrx_word' id='word_1_239' title='bbox 1036 3171 1157 3230; x_wconf 86' lang='lat' dir='ltr'><strong>quoque</strong></span> <span class='ocrx_word' id='word_1_240' title='bbox 1178 3155 1210 3210; x_wconf 91' lang='lat' dir='ltr'><strong>iu</strong></span> <span class='ocrx_word' id='word_1_241' title='bbox 1231 3153 1279 3212; x_wconf 85' lang='lat' dir='ltr'><strong>llr.</strong></span> <span class='ocrx_word' id='word_1_242' title='bbox 1302 3154 1338 3213; x_wconf 90' lang='lat' dir='ltr'><strong>V.</strong></span> 
     </span>
     <span class='ocr_line' id='line_1_27' title="bbox 229 3252 1337 3332; baseline 0.005 -21"><span class='ocrx_word' id='word_1_243' title='bbox 229 3281 231 3286; x_wconf 33' lang='lat' dir='ltr'>v</span> <span class='ocrx_word' id='word_1_244' title='bbox 270 3264 300 3312; x_wconf 87' lang='lat' dir='ltr'><strong>et</strong></span> <span class='ocrx_word' id='word_1_245' title='bbox 324 3252 391 3311; x_wconf 80' lang='lat' dir='ltr'><strong>Asc.</strong></span> <span class='ocrx_word' id='word_1_246' title='bbox 420 3252 445 3311; x_wconf 93' lang='lat'><strong>1.</strong></span> <span class='ocrx_word' id='word_1_247' title='bbox 468 3254 584 3331; x_wconf 70' lang='lat' dir='ltr'><strong>reperi,</strong></span> <span class='ocrx_word' id='word_1_248' title='bbox 608 3255 680 3332; x_wconf 83' lang='lat' dir='ltr'><strong>qnia</strong></span> <span class='ocrx_word' id='word_1_249' title='bbox 701 3253 859 3312; x_wconf 81' lang='lat' dir='ltr'><strong>antecedat</strong></span> <span class='ocrx_word' id='word_1_250' title='bbox 879 3255 976 3326; x_wconf 81' lang='lat' dir='ltr'><strong>rerum</strong></span> <span class='ocrx_word' id='word_1_251' title='bbox 994 3275 1132 3314; x_wconf 88' lang='lat' dir='ltr'><strong>mearum.</strong></span> <span class='ocrx_word' id='word_1_252' title='bbox 1173 3257 1337 3317; x_wconf 81' lang='lat' dir='ltr'><strong>tlleteruen</strong></span> 
     </span>
     <span class='ocr_line' id='line_1_28' title="bbox 268 3357 1338 3436; baseline 0.006 -20"><span class='ocrx_word' id='word_1_253' title='bbox 268 3360 301 3417; x_wconf 92' lang='lat' dir='ltr'><strong>in</strong></span> <span class='ocrx_word' id='word_1_254' title='bbox 327 3357 421 3416; x_wconf 84' lang='lat' dir='ltr'><strong>Coelii</strong></span> <span class='ocrx_word' id='word_1_255' title='bbox 448 3357 548 3416; x_wconf 86' lang='lat' dir='ltr'><strong>verbis</strong></span> <span class='ocrx_word' id='word_1_256' title='bbox 574 3357 686 3435; x_wconf 83' lang='lat' dir='ltr'><strong>duplex</strong></span> <span class='ocrx_word' id='word_1_257' title='bbox 716 3357 769 3416; x_wconf 90' lang='lat' dir='ltr'><strong>ille</strong></span> <span class='ocrx_word' id='word_1_258' title='bbox 799 3360 964 3436; x_wconf 81' lang='lat' dir='ltr'><strong>generandi</strong></span> <span class='ocrx_word' id='word_1_259' title='bbox 994 3380 1080 3420; x_wconf 81' lang='lat' dir='ltr'><strong>ossus</strong></span> <span class='ocrx_word' id='word_1_260' title='bbox 1110 3365 1212 3422; x_wconf 83' lang='lat' dir='ltr'><strong>minus</strong></span> <span class='ocrx_word' id='word_1_261' title='bbox 1238 3363 1338 3422; x_wconf 84' lang='lat' dir='ltr'><strong>offen-</strong></span> 
     </span>
     <span class='ocr_line' id='line_1_29' title="bbox 267 3462 1338 3532; baseline 0.006 -6"><span class='ocrx_word' id='word_1_262' title='bbox 267 3462 321 3520; x_wconf 76' lang='lat' dir='ltr'><strong>dit·</strong></span> <span class='ocrx_word' id='word_1_263' title='bbox 1194 3467 1338 3532; x_wconf 74' lang='lat' dir='ltr'><strong>Buruntcr.</strong></span> 
     </span>
    </p>

    <p class='ocr_par' dir='ltr' id='par_1_7' title="bbox 265 3560 1341 4387">
     <span class='ocr_line' id='line_1_30' title="bbox 303 3560 1328 3651; baseline 0.008 -27"><span class='ocrx_word' id='word_1_264' title='bbox 303 3560 403 3644; x_wconf 85' lang='lat' dir='ltr'><strong>quod</strong></span> <span class='ocrx_word' id='word_1_265' title='bbox 430 3584 503 3622; x_wconf 91' lang='lat' dir='ltr'><strong>uou</strong></span> <span class='ocrx_word' id='word_1_266' title='bbox 530 3565 677 3622; x_wconf 82' lang='lat' dir='ltr'><strong>dubita.</strong></span> <span class='ocrx_word' id='word_1_267' title='bbox 719 3565 822 3626; x_wconf 82' lang='lat' dir='ltr'><strong>Modus</strong></span> <span class='ocrx_word' id='word_1_268' title='bbox 857 3568 1022 3646; x_wconf 83' lang='lat' dir='ltr'><strong>loquendi,</strong></span> <span class='ocrx_word' id='word_1_269' title='bbox 1063 3593 1170 3651; x_wconf 84' lang='lat' dir='ltr'><strong>parum</strong></span> <span class='ocrx_word' id='word_1_270' title='bbox 1199 3573 1328 3634; x_wconf 83' lang='lat' dir='ltr'><strong>fortasse</strong></span> 
     </span>
     <span class='ocr_line' id='line_1_31' title="bbox 268 3670 1339 3764; baseline 0.01 -36"><span class='ocrx_word' id='word_1_271' title='bbox 268 3670 514 3764; x_wconf 57' lang='lat' dir='ltr'><strong>ursimadvorsus,</strong></span> <span class='ocrx_word' id='word_1_272' title='bbox 535 3689 605 3726; x_wconf 83' lang='lat' dir='ltr'><strong>nem</strong></span> <span class='ocrx_word' id='word_1_273' title='bbox 620 3670 705 3759; x_wconf 28' lang='lat' dir='ltr'><strong>&#39;quod</strong></span> <span class='ocrx_word' id='word_1_274' title='bbox 724 3672 802 3729; x_wconf 82' lang='lat' dir='ltr'><strong>valet</strong></span> <span class='ocrx_word' id='word_1_275' title='bbox 823 3674 874 3730; x_wconf 83' lang='lat' dir='ltr'><strong>sed</strong></span> <span class='ocrx_word' id='word_1_276' title='bbox 883 3697 897 3763; x_wconf 61' lang='lat' dir='ltr'><strong>,j</strong></span> <span class='ocrx_word' id='word_1_277' title='bbox 916 3685 949 3733; x_wconf 88' lang='lat' dir='ltr'><strong>ut</strong></span> <span class='ocrx_word' id='word_1_278' title='bbox 971 3677 1001 3734; x_wconf 86' lang='lat' dir='ltr'><strong>L.</strong></span> <span class='ocrx_word' id='word_1_279' title='bbox 1022 3677 1096 3738; x_wconf 87' lang='lat' dir='ltr'><strong>XlV.</strong></span> <span class='ocrx_word' id='word_1_280' title='bbox 1117 3699 1163 3756; x_wconf 81' lang='lat' dir='ltr'><strong>ep.</strong></span> <span class='ocrx_word' id='word_1_281' title='bbox 1190 3677 1219 3738; x_wconf 90' lang='lat'><strong>4.</strong></span> <span class='ocrx_word' id='word_1_282' title='bbox 1252 3677 1339 3760; x_wconf 81' lang='lat' dir='ltr'><strong>Quod</strong></span> 
     </span>
     <span class='ocr_line' id='line_1_32' title="bbox 265 3775 1336 3865; baseline 0.009 -32"><span class='ocrx_word' id='word_1_283' title='bbox 265 3777 382 3834; x_wconf 83' lang='lat' dir='ltr'><strong>utinam</strong></span> <span class='ocrx_word' id='word_1_284' title='bbox 402 3775 502 3832; x_wconf 87' lang='lat' dir='ltr'><strong>miuus</strong></span> <span class='ocrx_word' id='word_1_285' title='bbox 522 3776 598 3832; x_wconf 88' lang='lat' dir='ltr'><strong>aitue</strong></span> <span class='ocrx_word' id='word_1_286' title='bbox 620 3776 724 3855; x_wconf 80' lang='lat' dir='ltr'><strong>cupidi</strong></span> <span class='ocrx_word' id='word_1_287' title='bbox 732 3777 919 3856; x_wconf 84' lang='lat' dir='ltr'><strong>fuissemus!</strong></span> <span class='ocrx_word' id='word_1_288' title='bbox 961 3781 995 3838; x_wconf 91' lang='lat' dir='ltr'><strong>Et</strong></span> <span class='ocrx_word' id='word_1_289' title='bbox 1017 3783 1093 3842; x_wconf 91' lang='lat' dir='ltr'><strong>Phil.</strong></span> <span class='ocrx_word' id='word_1_290' title='bbox 1113 3784 1145 3842; x_wconf 90' lang='lat' dir='ltr'><strong>X.</strong></span> <span class='ocrx_word' id='word_1_291' title='bbox 1167 3782 1195 3842; x_wconf 88' lang='lat'><strong>4.</strong></span> <span class='ocrx_word' id='word_1_292' title='bbox 1241 3783 1336 3865; x_wconf 79' lang='lat' dir='ltr'><strong>Quod,</strong></span> 
     </span>
     <span class='ocr_line' id='line_1_33' title="bbox 271 3879 1339 3966; baseline 0.007 -28"><span class='ocrx_word' id='word_1_293' title='bbox 271 3882 324 3959; x_wconf 86' lang='lat' dir='ltr'><strong>qui</strong></span> <span class='ocrx_word' id='word_1_294' title='bbox 341 3879 377 3938; x_wconf 83' lang='lat' dir='ltr'><strong>ab</strong></span> <span class='ocrx_word' id='word_1_295' title='bbox 395 3879 448 3936; x_wconf 88' lang='lat' dir='ltr'><strong>illa</strong></span> <span class='ocrx_word' id='word_1_296' title='bbox 466 3879 588 3937; x_wconf 80' lang='lat' dir='ltr'><strong>abducit</strong></span> <span class='ocrx_word' id='word_1_297' title='bbox 604 3883 784 3956; x_wconf 78' lang='lat' dir='ltr'><strong>euerrituru,</strong></span> <span class='ocrx_word' id='word_1_298' title='bbox 813 3893 840 3940; x_wconf 84' lang='lat' dir='ltr'><strong>et</strong></span> <span class='ocrx_word' id='word_1_299' title='bbox 858 3897 1018 3964; x_wconf 84' lang='lat' dir='ltr'><strong>respectum</strong></span> <span class='ocrx_word' id='word_1_300' title='bbox 1033 3888 1287 3966; x_wconf 76' lang='lat' dir='ltr'><strong>pulcherrimum,</strong></span> <span class='ocrx_word' id='word_1_301' title='bbox 1310 3900 1339 3948; x_wconf 86' lang='lat' dir='ltr'><strong>et</strong></span> 
     </span>
     <span class='ocr_line' id='line_1_34' title="bbox 266 3985 1338 4068; baseline 0.009 -25"><span class='ocrx_word' id='word_1_302' title='bbox 266 3985 454 4066; x_wconf 85' lang='lat' dir='ltr'><strong>praesidium</strong></span> <span class='ocrx_word' id='word_1_303' title='bbox 475 3985 686 4060; x_wconf 83' lang='lat' dir='ltr'><strong>firmissimum</strong></span> <span class='ocrx_word' id='word_1_304' title='bbox 711 3987 818 4044; x_wconf 85' lang='lat' dir='ltr'><strong>adimit</strong></span> <span class='ocrx_word' id='word_1_305' title='bbox 836 3990 1024 4068; x_wconf 77' lang='lat' dir='ltr'><strong>reipublicae.</strong></span> <span class='ocrx_word' id='word_1_306' title='bbox 1066 3992 1101 4051; x_wconf 89' lang='lat' dir='ltr'><strong>Et</strong></span> <span class='ocrx_word' id='word_1_307' title='bbox 1122 3991 1228 4052; x_wconf 81' lang='lat' dir='ltr'><strong>Caesar</strong></span> <span class='ocrx_word' id='word_1_308' title='bbox 1250 3993 1289 4053; x_wconf 83' lang='lat' dir='ltr'><strong>de</strong></span> <span class='ocrx_word' id='word_1_309' title='bbox 1306 3993 1338 4052; x_wconf 92' lang='grc' dir='ltr'><strong>Β.</strong></span> 
     </span>
     <span class='ocr_line' id='line_1_35' title="bbox 268 4089 1339 4178; baseline 0.007 -28"><span class='ocrx_word' id='word_1_310' title='bbox 268 4091 330 4150; x_wconf 81' lang='lat' dir='ltr'><strong>civ.</strong></span> <span class='ocrx_word' id='word_1_311' title='bbox 352 4092 389 4150; x_wconf 92' lang='lat' dir='ltr'><strong>ll.</strong></span> <span class='ocrx_word' id='word_1_312' title='bbox 412 4089 458 4150; x_wconf 87' lang='grc'><strong>16.</strong></span> <span class='ocrx_word' id='word_1_313' title='bbox 505 4089 588 4170; x_wconf 83' lang='lat' dir='ltr'><strong>Quod</strong></span> <span class='ocrx_word' id='word_1_314' title='bbox 604 4091 657 4148; x_wconf 84' lang='lat' dir='ltr'><strong>udi</strong></span> <span class='ocrx_word' id='word_1_315' title='bbox 679 4091 773 4149; x_wconf 81' lang='lat' dir='ltr'><strong>hostes</strong></span> <span class='ocrx_word' id='word_1_316' title='bbox 791 4093 929 4152; x_wconf 83' lang='lat' dir='ltr'><strong>uiderunt</strong></span> <span class='ocrx_word' id='word_1_317' title='bbox 946 4116 989 4154; x_wconf 87' lang='lat' dir='ltr'><strong>ea.</strong></span> <span class='ocrx_word' id='word_1_318' title='bbox 1031 4096 1066 4154; x_wconf 88' lang='lat' dir='ltr'><strong>Et</strong></span> <span class='ocrx_word' id='word_1_319' title='bbox 1081 4097 1137 4156; x_wconf 94' lang='lat' dir='ltr'><strong>lll.</strong></span> <span class='ocrx_word' id='word_1_320' title='bbox 1157 4096 1206 4158; x_wconf 83' lang='lat'><strong>68.</strong></span> <span class='ocrx_word' id='word_1_321' title='bbox 1252 4095 1339 4178; x_wconf 83' lang='lat' dir='ltr'><strong>Quod</strong></span> 
     </span>
     <span class='ocr_line' id='line_1_36' title="bbox 269 4195 1338 4282; baseline 0.008 -30"><span class='ocrx_word' id='word_1_322' title='bbox 269 4214 337 4253; x_wconf 87' lang='lat' dir='ltr'><strong>eum</strong></span> <span class='ocrx_word' id='word_1_323' title='bbox 367 4203 440 4255; x_wconf 82' lang='lat' dir='ltr'><strong>esset</strong></span> <span class='ocrx_word' id='word_1_324' title='bbox 468 4195 722 4270; x_wconf 83' lang='lat' dir='ltr'><strong>ammadversum,</strong></span> <span class='ocrx_word' id='word_1_325' title='bbox 762 4198 949 4255; x_wconf 86' lang='lat' dir='ltr'><strong>eouiuuetam</strong></span> <span class='ocrx_word' id='word_1_326' title='bbox 980 4219 1039 4256; x_wconf 85' lang='lat' dir='ltr'><strong>esse</strong></span> <span class='ocrx_word' id='word_1_327' title='bbox 1065 4201 1202 4282; x_wconf 86' lang='lat' dir='ltr'><strong>flumiui.</strong></span> <span class='ocrx_word' id='word_1_328' title='bbox 1244 4201 1338 4262; x_wconf 81' lang='lat' dir='ltr'><strong>Varro</strong></span> 
     </span>
     <span class='ocr_line' id='line_1_37' title="bbox 270 4299 1341 4387; baseline 0.007 -27"><span class='ocrx_word' id='word_1_329' title='bbox 270 4299 300 4360; x_wconf 82' lang='lat' dir='ltr'><strong>L.</strong></span> <span class='ocrx_word' id='word_1_330' title='bbox 328 4299 376 4362; x_wconf 92' lang='lat' dir='ltr'><strong>VI.</strong></span> <span class='ocrx_word' id='word_1_331' title='bbox 397 4299 436 4359; x_wconf 90' lang='lat' dir='ltr'><strong>de</strong></span> <span class='ocrx_word' id='word_1_332' title='bbox 458 4299 543 4377; x_wconf 78' lang='lat' dir='ltr'><strong>ling.</strong></span> <span class='ocrx_word' id='word_1_333' title='bbox 564 4300 625 4360; x_wconf 76' lang='lat' dir='ltr'><strong>let.</strong></span> <span class='ocrx_word' id='word_1_334' title='bbox 644 4299 672 4360; x_wconf 87' lang='lat'><strong>2.</strong></span> <span class='ocrx_word' id='word_1_335' title='bbox 719 4299 802 4381; x_wconf 85' lang='lat' dir='ltr'><strong>Quod</strong></span> <span class='ocrx_word' id='word_1_336' title='bbox 823 4322 889 4360; x_wconf 76' lang='lat' dir='ltr'><strong>crem</strong></span> <span class='ocrx_word' id='word_1_337' title='bbox 908 4304 1011 4364; x_wconf 86' lang='lat' dir='ltr'><strong>dieuut</strong></span> <span class='ocrx_word' id='word_1_338' title='bbox 1027 4309 1264 4387; x_wconf 79' lang='lat' dir='ltr'><strong>aruspioiauem,</strong></span> <span class='ocrx_word' id='word_1_339' title='bbox 1284 4307 1341 4368; x_wconf 87' lang='lat' dir='ltr'><strong>ad-</strong></span> 
     </span>
    </p>
   </div>
   <div class='ocr_carea' id='block_1_3' title="bbox 0 0 1505 5186">
    <p class='ocr_par' dir='ltr' id='par_1_8' title="bbox 0 0 1505 5186">
     <span class='ocr_line' id='line_1_38' title="bbox 0 0 1505 5186; baseline 0 0"><span class='ocrx_word' id='word_1_340' title='bbox 0 0 1505 5186; x_wconf 95' lang='lat' dir='ltr'><strong> </strong></span> 
     </span>
    </p>
   </div>
  </div>
 </body>
</html>
