2978 5186
835 403 896 462 128

342 614 474 675 sulatum
499 616 614 692 petenti
641 612 772 670 dedisset
792 629 932 689 operam,
948 628 1017 668 mox
1036 609 1196 668 Catilinam
1218 610 1395 670 libidinibus

338 730 367 777 et
387 719 509 777 luxuria
526 718 729 776 adolescentes
750 716 809 774 sibi
828 717 1040 799 pignerantem
1062 723 1226 774 assentatus
1240 724 1307 774 est.
1348 716 1393 774 Ile·

337 823 409 882 iude
429 842 500 881 cum
512 824 544 897 Q.
555 823 696 900 Pompeio
713 830 925 899 propraetore,
945 839 1036 896 quem
1056 821 1283 879 sanctissimum
1300 823 1392 880 virum

337 928 412 986 dicit
428 927 531 985 Cicero
540 924 600 1008 (1),
621 928 653 984 in
673 925 775 985 Africa
789 925 858 984 fuit.
887 925 963 984 lude
974 944 1110 1002 reversus
1127 925 1158 985 C.
1178 926 1312 985 Antonio
1327 947 1392 986 con-

337 1033 431 1092 sulari
456 1033 580 1091 homine
608 1033 784 1110 turpissimo
813 1029 982 1088 accusando
1018 1031 1150 1108 primum
1182 1031 1392 1092 documentum

337 1138 502 1196 voluntatis
520 1138 553 1194 in
570 1156 634 1194 rem
654 1135 809 1214 publicam
824 1135 917 1193 dedit.
945 1137 1139 1210 Quaestorem
1154 1137 1209 1194 etsi
1228 1136 1355 1213 Pighius
1371 1157 1390 1195 a.

339 1241 400 1303 697
418 1244 512 1303 fuisse
530 1242 616 1318 vult,
638 1241 780 1323 equidem
799 1242 882 1300 hunc
902 1244 1193 1318 magistratumncn
1222 1251 1293 1298 aute
1319 1240 1390 1299 Porn-

337 1350 441 1428 peium
459 1359 488 1406 et
509 1347 647 1428 Crassum
664 1345 833 1404 secundum
855 1345 993 1404 consules
1009 1345 1046 1402 ab
1067 1365 1103 1403 eo
1123 1356 1243 1423 gestum
1261 1346 1391 1405 credide-

338 1454 405 1510 rim.
449 1453 533 1510 Inter
557 1460 751 1529 quaesturam
780 1460 809 1509 et
829 1450 1020 1508 tribunatum
1042 1470 1122 1509 anuo
1141 1449 1202 1510 702
1219 1460 1337 1528 gestum
1353 1453 1390 1508 in·

339 1559 463 1615 teriecta
495 1545 616 1614 videtur
642 1555 736 1614 altera
759 1557 909 1613 accusatio
930 1555 1042 1628 Caelii,
1059 1575 1119 1633 qua
1138 1555 1168 1612 L.
1189 1555 1389 1633 Sempronium

338 1663 511 1720 Atratinum
532 1669 689 1739 praeturae
707 1659 904 1718 candidatum
923 1660 960 1716 de
977 1659 1095 1718 ambitu
1113 1679 1200 1717 reum
1220 1659 1303 1718 fecit.
1342 1659 1390 1718 Sed

338 1786 409 1826 mor
435 1766 473 1824 ab
498 1765 591 1823 huius
622 1764 686 1821 filio
717 1764 900 1821 subornante
921 1763 1024 1822 Clodia
1045 1764 1118 1822 olim
1140 1783 1205 1822 ase
1221 1774 1317 1824 amata
1333 1765 1389 1842 ipsc

339 1871 378 1930 dc
394 1875 425 1929 ri
444 1879 474 1929 et
493 1869 641 1928 veneficio
657 1869 828 1948 postulatus
848 1877 905 1928 est:
941 1878 1046 1927 contra
1066 1888 1158 1946 quam
1177 1871 1389 1929 accusationem

246 1975 250 1988 ’
341 1986 370 2036 et
400 1979 465 2056 ipse
491 1994 523 2034 se
550 1975 686 2034 defendit
714 1983 743 2033 et
772 1974 945 2032 Ciceronem
969 1961 1137 2051 'patronum
1167 1974 1296 2045 habuit,
1315 1976 1389 2032 cuius

341 2089 438 2139 exstat
457 2083 554 2139 oratio
571 2075 624 2160 (2)
665 2080 815 2138 Tribunus
838 2079 936 2157 plebis
957 2077 1008 2136 Cn.
1026 2077 1167 2156 Pompeio
1186 2080 1313 2136 tertium
1332 2099 1389 2138 con·

340 2184 407 2244 sule
432 2185 497 2242 sine
526 2183 643 2260 collega
669 2203 740 2241 cum
766 2183 851 2241 bonis
878 2182 961 2240 stetit
985 2181 1102 2240 Milonis
1134 2183 1274 2243 defensor
1296 2195 1324 2246 et
1340 2186 1389 2264 legi

276 2315 278 2318 ·
341 2287 499 2367 Pompeiae
528 2287 567 2346 de
594 2289 625 2344 vi
652 2287 897 2367 intercessionem
921 2287 1083 2358 minitans,
1098 2307 1191 2367 quam
1208 2290 1389 2368 privilegium

342 2394 375 2450 in
403 2391 542 2450 lllilonem
572 2391 646 2449 ferri
666 2390 787 2448 dicebat
797 2388 849 2472 (3)
890 2393 985 2466 Quam
1011 2391 1050 2449 ob
1070 2411 1133 2450 reru
1151 2414 1287 2470 summa,
1307 2405 1340 2454 ut
1356 2396 1388 2452 ait

342 2496 445 2556 Cicero
455 2539 464 2570 ,
494 2496 644 2553 bonorum
668 2495 823 2554 voluntate
841 2505 911 2554 ante
930 2516 1045 2554 annum
1064 2499 1154 2554 suum
1176 2498 1284 2558 aedilis
1304 2499 1388 2558 factus

342 2610 388 2661 est
408 2621 434 2660 a.
452 2600 529 2672 704,
544 2602 598 2681 qui
617 2583 682 2660 'erat
700 2601 894 2679 provincialis
912 2601 1072 2660 Ciceronis.
1114 2602 1190 2660 Huic
1211 2605 1306 2681 igitur
1321 2605 1388 2663 aedi·

342 2707 381 2766 lis
412 2707 648 2786 elegantissimas
675 2706 743 2764 illas
769 2709 799 2764 in
826 2706 963 2766 Ciliciam
992 2706 1133 2784 epistolas
1162 2711 1298 2788 scripsit,
1319 2729 1388 2788 quae

342 2824 448 2874 octavo
478 2814 557 2873 libro
581 2814 845 2872 Ciceronianarum
875 2815 1082 2871 continentur.
1122 2811 1264 2872 Sedcum
1281 2822 1389 2893 propter

341 2939 440 2980 mores
467 2919 628 2978 dissolutos
655 2937 722 2976 aere
743 2916 842 2975 alieno
860 2918 988 2976 obrutus
1007 2918 1067 2974 iam
1086 2919 1119 2974 in
1138 2919 1203 2996 ipso
1224 2921 1387 2997 magistratu

343 3025 474 3084 Caesaris
492 3043 599 3082 causae
617 3042 680 3082 sese
700 3022 840 3082 addicere
858 3024 1020 3102 coepisset,
1035 3043 1128 3102 quam
1149 3023 1189 3081 ob
1206 3044 1271 3082 rem
1288 3023 1387 3082 Cicero·
1423 3002 1426 3010 ¹

343 3119 392 3188 nis
410 3128 541 3187 discessu
561 3146 577 3184 a
597 3145 628 3185 se
649 3128 714 3204 ipso
732 3127 901 3184 discessisse
919 3127 1034 3186 dicitur
1046 3125 1091 3208 (4)
1103 3173 1110 3198 ,
1123 3127 1214 3186 ¹bello
1233 3128 1315 3187 civili
1330 3115 1386 3184 orto

344 3243 446 3314 aperte
472 3233 511 3293 ad
536 3234 620 3292 illios
644 3232 808 3292 factionem
833 3235 964 3293 transiit.
1004 3234 1079 3292 Hinc
1107 3234 1145 3292 ab
1171 3254 1206 3292 eo
1236 3235 1339 3293 ductus
1360 3231 1388 3288 in

344 3341 515 3420 Hispaniam
540 3339 622 3399 bello
644 3337 808 3397 Afraniana
826 3348 999 3416 praeturam
1021 3339 1117 3397 multo
1135 3346 1205 3397 ante
1225 3358 1333 3398 annum
1349 3356 1388 3394 aa·

345 3448 425 3526 cepit
447 3467 473 3506 a.
500 3443 560 3504 706
589 3444 620 3503 C.
645 3444 766 3503 Caesare
794 3442 961 3502 seeundum
983 3444 1013 3503 P.
1032 3444 1158 3502 Servilio
1174 3444 1309 3502 Isaurico
1324 3461 1387 3500 con-

344 3551 462 3610 sulibus
483 3548 537 3631 (5).
578 3549 635 3608 Sed
665 3529 736 3622 curn
765 3548 887 3608 Caesare
915 3551 947 3607 iu
977 3550 1100 3608 Graecia
1128 3547 1246 3606 bellum
1281 3554 1387 3626 gerente

346 3670 586 3684 μ·-

393 3717 434 3786 (1)
470 3717 525 3768 Cic.
545 3715 617 3768 Cael.
641 3717 682 3766 31.
707 3745 742 3757 -
768 3718 807 3784 (2)
834 3717 868 3768 ne
885 3717 983 3786 {Caelio
1005 3737 1018 3768 a
1041 3729 1122 3770 semet
1146 3714 1392 3789 ipsodelensatestis

342 3807 483 3862 Suetonius
499 3807 531 3858 de
547 3805 580 3856 cl.
598 3807 674 3858 rhett.
690 3807 714 3858 2.
738 3807 833 3876 [Hanc
852 3808 957 3859 eandam
976 3809 1098 3876 (Lucium
1117 3809 1230 3860 Plotium
1248 3805 1392 3871 Gallum)-

326 3891 405 3950 'nam
428 3897 572 3949 diutissime
596 3898 664 3948 vixit
686 3925 719 3936 -
739 3899 779 3948 M.
806 3899 923 3962 Caelius,
952 3900 979 3948 in
1000 3901 1136 3962 oratione,
1162 3917 1242 3966 qrtam
1255 3913 1350 3968 prose,
1366 3894 1393 3942 dc

342 3991 387 4053 vi,
403 3988 514 4050 habuit,
530 3986 714 4053 significabat,
728 3987 835 4037 dictasse
850 3990 980 4038 Atratino
992 4026 999 4050 ,
1021 3991 1169 4039 accusatori
1181 4007 1246 4052 sato,
1266 3990 1392 4039 actionem:

343 4081 527 4144 subtractoque
540 4079 660 4140 nomine,
678 4077 842 4128 hordearium
860 4095 918 4128 eunt
939 4079 1065 4129 rictorem
1082 4081 1212 4146 appellat,
1228 4080 1352 4137 derideas,
1366 4075 1393 4120 ul
1463 4078 1464 4081 ’

341 4169 466 4234 inflatum
482 4183 512 4216 aa
535 4167 611 4216 levem
634 4171 658 4216 et
677 4167 832 4234 sordidum]
860 4193 893 4208 -‹
922 4169 961 4237 (3)
983 4169 1075 4220 Asson.
1092 4172 1119 4220 in
1136 4172 1267 4238 prooemio
1281 4169 1310 4218 ad
1324 4161 1392 4216 Milo·

342 4259 465 4320 niauam,
487 4255 521 4306 cf.
548 4254 604 4306 Cic.
623 4255 676 4306 1111.
701 4256 750 4319 33,
775 4255 817 4308 81.
838 4257 908 4308 Brut.
930 4258 982 4322 ⁷9,
1001 4260 1058 4309 273.
1076 4291 1109 4298 —
1129 4259 1168 4327 (4)
1188 4259 1243 4312 Cic.
1259 4260 1324 4310 Brut.
1337 4253 1353 4302 1.
1370 4267 1390 4299 c.

341 4379 376 4388 -
394 4349 435 4417 (5)
454 4345 526 4398 snit
544 4346 671 4396 Manutius
694 4358 857 4416 quaestorem
874 4347 998 4400 Curionis
1014 4352 1041 4400 in
1059 4351 1144 4402 Africa
1160 4351 1238 4400 fuisse
1253 4347 1391 4402 arbitratus,

344 4443 390 4509 qui
405 4442 485 4509 ipsius
501 4436 614 4507 aequalis
630 4447 691 4488 crat.
730 4437 810 4506 [Vide
829 4454 904 4508 supra
919 4457 946 4509 p.
965 4440 1038 4507 122.)
