3012 5182
658 621 953 689 'El’lss‘tlhl
1004 632 1106 688 Vll.

736 731 779 800 (ad
798 731 869 782 Fam.
887 729 958 782 vlll.
975 731 1013 798 9.)

727 941 1024 1012 Argu-enom.

383 1119 554 1216 Gloriatur
582 1151 701 1212 Caelius
731 1154 867 1215 Aedilem
897 1175 929 1215 se
960 1155 1169 1234 designatum,
1201 1153 1324 1212 llirrum
1354 1173 1406 1213 au·

342 1265 403 1314 tem
432 1275 496 1316 esse
522 1256 679 1335 repulsum
709 1268 738 1318 et
773 1261 833 1319 iam
864 1261 994 1340 ineptias
1023 1278 1111 1338 agere
1135 1256 1166 1338 5.
1199 1259 1225 1317 1.
1265 1257 1308 1317 De
1339 1274 1407 1338 pro-

340 1359 509 1420 vinciarum
548 1365 739 1423 successione
766 1365 847 1425 nihil
875 1374 977 1425 actum
998 1365 1150 1444 significat
1173 1362 1264 1444 52.
1305 1364 1406 1423 Denuo

339 1465 445 1524 scribit
474 1466 512 1524 de
537 1467 693 1544 pantheris
723 1470 783 1528 sibi
808 1469 967 1530 mittendis
984 1479 1015 1530 et
1035 1470 1074 1530 de
1087 1467 1260 1548 syngrapha
1280 1468 1406 1527 Sittiana

339 1567 368 1650 5.
394 1570 423 1629 3.
464 1569 500 1629 tl.
529 1570 702 1648 Feridium,
731 1576 846 1652 negotii
876 1593 967 1634 causa
995 1576 1027 1633 in
1056 1573 1193 1635 Ciliciam
1214 1572 1403 1652 profectum,

339 1674 476 1734 Ciceroni
507 1676 699 1736 commendat
727 1677 760 1759 5.
789 1678 817 1737 4.
859 1679 1023 1738 Favonium
1044 1679 1151 1738 scribit
1169 1698 1230 1737 non
1251 1679 1350 1739 solum
1370 1678 1405 1736 ab

338 1779 453 1838 infimis
470 1779 647 1840 hominibus
667 1782 721 1841 sed
741 1783 833 1842 etiam
854 1783 893 1842 ab
912 1785 1027 1863 optimo
1046 1802 1169 1864 quoque
1185 1801 1249 1842 esse
1270 1793 1403 1861 praeter·

338 1887 416 1943 itum
446 1883 477 1965 5.
506 1885 535 1945 ⁵.
591 1885 685 1945 Addit
724 1887 762 1947 de
789 1887 924 1967 Pompeii
952 1907 987 1946 ac
1016 1887 1164 1966 Scipionis
1188 1891 1221 1948 iu
1251 1889 1404 1948 Caesarem

337 1990 439 2049 ouirno
451 1987 483 2070 5.
498 1989 527 2051 6.
542 1990 675 2072 denique
695 1993 733 2054 de
753 1993 862 2053 Calidii
884 1991 940 2076 (Cl.
960 1992 1014 2072 Ep.
1032 1993 1065 2052 V.
1087 1991 1126 2074 1.)
1136 1994 1325 2054 orationihus
1335 1992 1363 2074 5
1375 1992 1402 2052 7.

364 2199 493 2277 -Suripta
515 2207 559 2258 eet
581 2220 618 2260 iv.
640 2201 715 2260 Non.
736 2200 902 2281 Septemhr.
923 2201 966 2262 Cf.
987 2200 1017 2282 5
1038 2200 1068 2260 2.

639 2400 805 2486 Casurus
833 2400 1019 2485 &cenom
1047 2403 1087 2484 S.

382 2635 422 2704 Ι1.
471 2635 527 2705 Sic
562 2648 622 2726 tu,
656 2637 791 2731 inquis,
813 2635 952 2712 Hirrum
980 2631 1159 2707 tractasti?
1208 2633 1335 2724 lmmo,
1369 2637 1397 2703 si

340 2766 444 2854 scias,
484 2789 586 2860 quam
620 2765 717 2836 facile
730 2819 740 2855 ‚
785 2790 887 2859 quam
924 2790 967 2836 nc
999 2767 1223 2837 contentionis
1258 2765 1397 2861 quidem
1483 2759 1484 2779 ἦ

338 2895 522 2966 minimae¹
560 2892 686 2983 fuerit,
721 2893 850 2989 pudeat
889 2903 923 2962 te
957 2915 1076 2962 ausum
1111 2891 1209 2964 illum
1246 2918 1396 2990 unquam

339 3050 410 3096 esse
455 3023 611 3096 incedere
655 3036 829 3117 tamquam
865 3033 962 3092 tuum
1002 3022 1268 3116 competitorem.
1318 3022 1397 3092 Post

339 3153 507 3247 repulsam
554 3173 633 3223 vcro
678 3151 764 3219 risus
798 3149 897 3220 lacit:
932 3151 1040 3219 civem
1075 3149 1203 3220 bonum
1236 3150 1327 3220 ludit
1361 3161 1396 3219 et
1481 3171 1482 3211 t

325 3292 455 3352 contra
478 3279 651 3350 Caesarem
673 3277 855 3347 sententias
879 3275 987 3364 dicit3
1022 3284 1304 3372 exspectationem
1327 3299 1396 3349 cor·

327 3410 438 3503 rripit:
474 3409 653 3480 Curionem
687 3430 824 3502 prorsus
859 3406 1063 3478 Curionem²
1088 3431 1154 3478 nou
1180 3407 1395 3478 mediocriter

323 3540 553 3633 obiurgatus:
584 3537 673 3607 huc³
711 3535 845 3630 repulsu
877 3557 913 3604 se
933 3535 1089 3603 mutavit.
1139 3534 1313 3605 Praeterea
1335 3536 1394 3630 qui
1479 3619 1480 3643 χ

337 3690 513 3762 nunquam
537 3667 572 3735 in
596 3665 667 3736 loru
695 3665 914 3760 apparuerit,
939 3687 1006 3734 nou
1029 3664 1179 3734 multum
1203 3665 1239 3734 in
1262 3665 1394 3736 iudiciis

381 3903 421 3970 (l)
440 3902 483 3954 Sic
509 3902 559 3953 lld.
585 3902 654 3954 Crat.
680 3901 1055 3954 viu.1et2.srn.80h.-
1072 3904 1210 3953 minimum
1228 3902 1322 3954 Grues.
1340 3902 1392 3954 Bc-

335 3993 584 4044 ned—minimae
601 4010 641 4045 res
656 3992 748 4044 Lamb.
785 3993 825 4060 (2)
843 3993 1051 4062 sicudtteap.
1071 3994 1161 4060 Antiq.
1182 3991 1247 4044 Vict.
1265 3994 1290 4043 2.
1324 3993 1393 4043 lnest
1477 3979 1478 3988 ἵ

335 4071 406 4134 iocus
438 4083 545 4151 aliquis:
580 4085 711 4134 morionem
744 4093 768 4133 et
802 4085 959 4134 maledicum
990 4094 1016 4133 et
1048 4084 1216 4138 macilentum
1245 4083 1393 4152 significare

336 4190 428 4242 posse,
452 4173 536 4224 disces
559 4191 573 4222 e
599 4171 752 4223 Forcellino.
772 4201 807 4212 -
832 4174 970 4225 Curionem
987 4189 1099 4239 prorsus
1114 4191 1167 4226 non
1184 4173 1251 4225 Cett.
1289 4173 1329 4242 (3)
1348 4172 1392 4226 Sic

334 4263 386 4314 ltd.
410 4261 478 4314 Crat.
507 4262 571 4312 l'iet.
598 4262 610 4312 1
636 4272 661 4311 ct
678 4262 703 4312 2.
719 4261 816 4312 Beued.
832 4261 894 4313 Sch.
911 4291 945 4301 —
961 4263 1241 4328 obiurgnt‚lracllrn.
1259 4263 1342 4316 Lucu.
1359 4293 1391 4300 —

334 4353 459 4419 obiurgat
481 4369 512 4402 uc
535 4350 629 4404 Graes.
651 4351 716 4402 lall-
738 4381 771 4390 -
793 4351 935 4416 obiurgas·
962 4353 1055 4404 scilicet
1079 4354 1126 4404 liae
1157 4353 1247 4406 Lemb.
1275 4354 1390 4406 Poterant

324 4443 429 4497 retiam:
454 4443 591 4507 obiurga&
615 4444 652 4494 sic
675 4442 723 4493 laec
744 4443 802 4493 vel:
830 4442 970 4506 obiurgat:
988 4446 1059 4494 totus
1081 4444 1137 4494 lrac.
