3012 5182
829 382 872 445 22

319 609 420 696 putes
451 598 551 668 illum
583 605 717 666 tantum
748 591 886 687 praedia
908 591 1033 662 rustica
1055 590 1136 664 dua
1158 590 1255 662 seire.
1306 589 1376 681 Tu,

318 730 347 799 ei
379 726 480 798 modo
509 725 667 797 memoria
704 723 888 812 tenueris1,
910 732 946 791 et
971 719 1144 817 Cibyratas
1166 721 1376 792 arcessieria¹

318 857 470 950 itemque
501 855 538 922 in
571 849 805 946 Pamphyliam
841 847 955 920 literas
986 847 1189 918 miseris-
1211 871 1292 918 nam
1328 848 1376 919 ibi

320 983 438 1077 plures
467 980 543 1075 oapi
576 979 673 1050 aiunt
695 1019 745 1030 —
769 974 863 1072 quod
886 973 976 1046 voles
998 974 1133 1044 efficies.
1183 973 1256 1046 Hoc
1282 975 1379 1046 vehe-

319 1109 468 1181 mentius
502 1106 619 1179 laboro
652 1128 762 1196 nuno,
798 1101 892 1200 quod
917 1113 1072 1172 aeorsus⁸
1096 1126 1116 1172 a
1140 1101 1269 1196 collega
1293 1114 1379 1199 puto

321 1236 405 1308 mihi
440 1235 551 1308 omnia
586 1230 747 1329 paranda.
796 1228 927 1300 Amabo
961 1239 1018 1319 te,
1053 1229 1182 1323 impera
1211 1229 1277 1301 tibi
1301 1230 1377 1303 hoo.

321 1366 447 1438 Curare
481 1361 566 1435 soles
603 1360 749 1430 libenter
760 1369 786 1448 ⁴,
809 1368 850 1428 ut
872 1379 934 1452 ego
955 1357 1116 1428 maiorem
1137 1367 1270 1454 partem
1294 1359 1382 1430 nihil

321 1515 451 1563 aurare.
501 1489 541 1559 In
587 1486 653 1558 hoo
697 1486 832 1578 negotio
876 1485 971 1556 nulla
1013 1497 1073 1555 tua
1116 1485 1180 1556 nisi
1216 1487 1381 1584 loquendi

319 1643 402 1692 eura
433 1628 508 1706 est,
542 1615 607 1686 hoo
637 1626 687 1684 est
699 1667 709 1703 ‚
734 1611 924 1708 imperandi
945 1622 980 1682 et
1001 1611 1184 1684 mandandi
1198 1626 1222 1684 ⁵.
1272 1616 1378 1706 Nam,

320 1747 527 1842 simulatque
561 1754 662 1829 erunt
697 1754 839 1836 captae,
876 1742 936 1837 qui
973 1741 1065 1812 alant
1100 1767 1155 1814 eas
1191 1753 1228 1814 et
1261 1743 1380 1839 depor-

321 1886 416 1964 tent,
448 1873 553 1945 habes
586 1893 665 1960 eos,
709 1893 796 1966 quos
841 1868 885 1940 ad
931 1869 1107 1944 Sittianam
1155 1873 1380 1968 syngrapham

320 2003 409 2073 misi.
470 2001 558 2072 Puto
603 2001 730 2090 etiam,
777 2001 805 2072 ai
849 1999 982 2071 ullam⁶
1018 2022 1116 2097 spem
1154 2001 1240 2071 mihi
1274 2002 1382 2074 literis

320 2129 526 2219 ostenderis,
549 2130 689 2200 meista
713 2129 894 2198 missurum
916 2129 1009 2200 alios.

369 2256 405 2328 4.
454 2257 501 2326 Μ.
537 2255 733 2345 Feridium,
767 2255 918 2350 equitem
954 2255 1170 2347 Romanum,
1191 2260 1292 2330 amici
1315 2261 1381 2332 mei
1430 2247 1434 2252 ¹

321 2385 459 2474 filium,
493 2383 622 2455 bonum
656 2395 692 2455 et
727 2393 904 2454 strenuum
937 2383 1206 2476 adolescentem,
1243 2388 1304 2483 qui
1337 2387 1381 2458 ad

322 2537 423 2584 suum
459 2512 631 2606 negotium
665 2516 780 2583 istuo⁷
815 2513 932 2604 venit,
966 2513 1029 2584 tihi
1050 2487 1270 2588 commendo:
1292 2528 1328 2588 et
1347 2529 1381 2588 te

321 2664 425 2734 rogo,
459 2649 499 2708 ut
542 2662 622 2710 eum
655 2641 691 2722 in
726 2652 863 2711 tuorum
895 2665 1037 2712 numero
1069 2640 1204 2714 habeas.
1254 2639 1380 2739 Agnis,

322 2792 408 2865 quos
444 2765 644 2842 fructuarios
666 2769 794 2841 habent
814 2771 989 2860 civitates,
1013 2771 1090 2840 vult
1112 2783 1173 2844 tuo
1195 2771 1380 2864 beneficio,

322 2900 442 2997 quod³
475 2900 540 2972 tibi
575 2897 673 2971 laoile
708 2908 743 2969 et
775 2898 953 2971 honestum
991 2896 1085 2970 factu
1119 2911 1193 2989 ert,
1216 2901 1382 2972 immunes

320 3053 411 3102 esse:
431 3040 541 3123 gratos
563 3040 598 3098 et
622 3030 727 3100 honos
751 3030 839 3100 virm
862 3029 927 3100 tibi
949 3029 1119 3123 obligaris.

371 3157 406 3227 5.
455 3159 540 3229 Nolo
573 3166 608 3225 te
642 3167 764 3248 putare
799 3153 981 3226 Favonium
1007 3180 1027 3225 a
1050 3155 1265 3227 columnariis
1289 3181 1381 3252 prae-

324 3286 509 3357 teritum⁰:
531 3282 681 3380 optimus
704 3282 850 3378 quisque
873 3306 950 3352 eurn
974 3308 1042 3356 nou
1064 3282 1156 3355 feeit.

369 3412 406 3485 6.
456 3412 691 3511 †Pompeius
724 3423 805 3482 tuus
838 3424 954 3507 aperte
988 3413 1163 3484 Caesarem
1185 3424 1222 3484 et
1244 3413 1380 3507 provin·

329 3571 554 3584 m

366 3643 407 3710 (1)
425 3641 468 3694 Sic
486 3641 554 3694 Crat.
572 3641 663 3693 Lamb.
679 3641 742 3693 Ean.
759 3641 820 3694 sah.
836 3669 870 3684 -·
883 3645 981 3695 tenerae
997 3645 1047 3697 lld.
1066 3645 1133 3698 viar.
1158 3646 1172 3695 1
1199 3657 1223 3696 et
1245 3645 1270 3698 2.
1293 3645 1384 3696 Graer.

325 3733 421 3786 Bened.
445 3763 478 3772 --
501 3739 586 3783 teneas
612 3750 625 3783 e
652 3732 735 3784 Codd.
758 3733 820 3801 Reg.
847 3732 912 3783 Lall.
949 3735 989 3802 (2)
1024 3755 1053 3782 =
1085 3737 1232 3788 accersierit
1262 3735 1331 3788 Viot.
1360 3735 1384 3786 2.

328 3824 368 3893 (3)
396 3824 439 3876 Sic
465 3821 515 3874 rud.
538 3822 607 3874 vict.
630 3824 655 3873 2.
681 3823 776 3874 Bened.
802 3839 831 3868 =
857 3840 971 3878 seorsum
993 3824 1060 3876 Cett.
1105 3827 1144 3894 (4)
1171 3825 1215 3877 Sia
1235 3825 1286 3876 lId.
1311 3825 1386 3876 Recta

322 3916 452 3967 distinctio
475 3927 513 3964 est
541 3933 554 3964 a
577 3913 670 3966 Graer.
688 3917 801 3986 optimo;
820 3917 963 3966 acutissima
977 3916 1119 3968 urbanitate
1142 3934 1170 3966 ao
1191 3933 1294 3986 prorsus
1316 3913 1385 3966 Cae·
1484 3929 1485 3968 t

322 4006 399 4057 liana.
424 4035 458 4044 -
482 4007 582 4074 impera
607 4006 655 4075 (ihi
671 4005 739 4056 Vior.
757 4005 795 4073 1.)
815 4007 883 4066 tion·
900 4008 1034 4057 hoocura.
1056 4003 1127 4057 Solea
1140 4007 1183 4057 lib.
1203 4004 1385 4058 Crat.Viot.1

322 4102 348 4146 et
371 4096 396 4146 2.
414 4095 506 4146 Lamb.
522 4125 556 4134 -
575 4098 675 4164 impero
692 4096 740 4145 tibi
755 4096 801 4145 hoc
815 4113 901 4148 carae.
939 4095 1010 4146 soles
1035 4095 1078 4145 lib.
1097 4094 1191 4147 Graer.
1210 4095 1272 4146 llrn.
1289 4093 1385 4145 Bened-

321 4185 384 4239 sch.
421 4187 460 4253 (5)
486 4215 520 4225 -
541 4203 566 4237 v.
594 4191 618 4236 et
650 4185 792 4236 mandendi
818 4185 879 4237 Ern.
912 4183 967 4254 []·
1011 4183 1050 4252 (6)
1080 4215 1115 4225 -
1147 4186 1286 4237 nullome
1318 4181 1383 4236 cm.

322 4276 385 4343 hag.
407 4273 472 4325 Lall.
509 4275 549 4342 (7)
573 4298 602 4325 =
627 4277 691 4326 istoc
710 4275 762 4326 lid.
798 4275 838 4344 (8)
873 4276 914 4326 An
949 4275 1056 4342 quoad?
1097 4276 1136 4343 (9)
1160 4276 1203 4328 sia
1221 4274 1273 4328 lld.
1305 4273 1386 4341 Neap.

323 4367 414 4437 Anth.
444 4367 512 4420 viat.
545 4369 559 4420 1
588 4378 615 4420 et
643 4368 669 4420 2.
703 4366 795 4420 hamb.
828 4366 924 4418 Bened.
950 4391 984 4405 -
1004 4372 1091 4434 praet.
1124 4383 1174 4417 eoae
1198 4363 1266 4417 Crat.
1292 4359 1385 4416 Graan

322 4457 386 4510 flm-
408 4457 471 4510 Seha
