2978 5186
604 403 666 464 169

101 620 175 689 ,soto
204 610 356 692 abhirgig
378 615 519 692 gemacht
549 616 664 676 wirrde.
707 617 772 696 Vgl.
799 616 912 696 jedoch
940 616 1001 676 Cic.
1021 618 1082 679 Att.
1103 617 1170 678 Xll.

106 714 152 774 49.
178 714 205 774 l.
237 716 315 777 Coel.
342 717 403 778 Cic.
432 720 510 779 Fam.
538 721 616 781 vlll.
638 721 667 782 3.
688 721 717 781 3.
738 721 837 780 Vatia.
858 721 919 781 Cio.
941 722 1018 782 Fam.
1040 722 1072 780 V.
1092 721 1119 783 9.
1143 721 1170 782 l.

103 820 153 880 Als
181 821 270 880 mehr
288 823 540 886 dach-Klassiseh
568 827 633 887 und
661 827 989 888 Poetisch-Lateinisch
1019 829 1120 888 werde
1139 847 1170 887 es

106 925 287 987 vermiedeu.
994 1009 996 1020 ι
1076 933 1173 994 Kane.

560 1071 726 1099 'Qus——

476 1250 698 1310 EPH'F.
754 1251 802 1307 V.

140 1441 220 1521 lpsis
258 1442 385 1520 argutiis
424 1440 574 1502 salebrosa
611 1443 756 1522 epistola:
786 1462 864 1524 quac
891 1463 961 1504 cum
992 1456 1054 1505 tam
1082 1446 1172 1505 mixti

104 1549 143 1605 sit
166 1549 360 1625 argumenti,
385 1555 431 1606 sat
456 1549 514 1607 erit
536 1548 657 1627 singula
677 1548 826 1628 quaedam
847 1549 937 1609 verba
958 1559 987 1608 et
1005 1552 1169 1609 sententias

103 1651 295 1712 diiudicasse.
1043 1657 1166 1732 Wusur.

141 1754 170 1837 ς.
196 1756 222 1816 1.
264 1756 342 1814 Hoc
380 1757 457 1815 tibi
485 1778 560 1818 reon
589 1759 760 1820 irrideo.
812 1759 983 1840 Respondet
1014 1764 1165 1840 superiori

103 1859 229 1920 Inmdeo
260 1862 331 1934 tihi,
361 1862 443 1942 quod
474 1871 536 1938 est,
567 1863 641 1924 felix
671 1883 718 1936 es,
748 1865 803 1942 qui
832 1867 887 1924 ista
916 1885 1017 1924 eoram
1045 1886 1104 1925 non
1127 1869 1170 1924 ri·

104 1966 189 2025 disti:
224 1976 257 2025 at
286 1967 358 2026 hoc:
389 1968 470 2026 nihil
499 1967 675 2047 perdidisti,
707 1987 778 2027 cum
800 1987 861 2027 non
881 1969 985 2028 vidisti
1006 1970 1169 2030 Lentulum

102 2080 256 2150 petentem
276 2073 478 2133 sacerdotium
501 2082 530 2132 et
551 2073 703 2152 repulsam
724 2073 880 2133 ferentem.
969 2121 973 2125 .
1058 2073 1168 2134 Frrssr.

143 2211 207 2224 -
225 2209 284 2224 -
328 2178 441 2258 Nempe
471 2198 531 2237 noo
557 2178 647 2237 liabeo
678 2179 756 2256 quod
784 2178 942 2238 insidiens
995 2179 1091 2238 Nimis
1120 2199 1170 2238 ar-

105 2292 175 2359 guta
196 2281 301 2340 litotis.
343 2281 448 2342 llelius
464 2294 540 2341 esset
558 2284 735 2361 proprium:
754 2282 807 2340 sed
831 2282 928 2354 doleo,
957 2292 1027 2341 aut:
1056 2282 1109 2340 loc
1138 2292 1171 2341 tc

104 2387 178 2445 mihi
203 2387 341 2446 invideas
366 2387 449 2462 licet,
479 2387 558 2466 quod
584 2381 643 2446 oon
672 2390 758 2446 corui
778 2397 837 2446 cet.
878 2389 991 2448 Similis
1011 2389 1105 2448 litotis
1126 2397 1171 2448 est

103 2491 193 2570 Epist.
208 2491 282 2551 xit:
300 2489 330 2572 ς.
350 2490 376 2551 1.
399 2490 443 2570 [h.
460 2492 512 2552 Ed.
529 2493 618 2552 xxll.
631 2493 657 2552 1.
701 2491 860 2571 Nurtqcom
880 2492 938 2552 tibi
957 2493 1037 2552 oculi
1057 2493 1171 2552 doluis-

98 2607 185 2669 sent,
207 2616 277 2676 pro:
289 2607 370 2657 certe
382 2598 552 2656 iucundum
567 2597 775 2676 spectaculum
791 2597 989 2678 habuissent]
1045 2598 1169 2658 Wrrsur.

139 2700 168 2783 ς.
192 2700 222 2761 2.
263 2710 303 2758 ot
332 2721 369 2758 se
392 2704 479 2782 sert
506 2703 599 2781 ipse.
641 2701 727 2761 Forte
751 2699 965 2778 scribendum,
993 2711 1115 2781 ctproo
1136 2723 1168 2760 so
1276 2751 1280 2759 ,

98 2807 162 2886 sert
181 2807 260 2886 ipsc,
282 2815 336 2866 aut
355 2816 389 2864 ct
401 2807 470 2884 sert
487 2807 559 2885 ipse.
1065 2807 1168 2866 Gmrv.

140 2945 284 2962 ...‚.-
323 2911 466 2971 Graevius
495 2911 677 2971 eouiiciehat
704 2921 738 2969 ut
758 2931 833 2990 proc
859 2931 889 2968 se
908 2911 991 2990 fert,
1015 2911 1103 2970 etsie
1124 2919 1169 2970 est
1238 2914 1243 2920 ’

101 3017 133 3075 in
153 3016 201 3078 ed.
220 3015 295 3076 lled.
315 3015 442 3076 Frustra.
486 3015 611 3094 Elegans
629 3014 709 3075 illud
727 3025 781 3076 est.
812 3016 923 3076 llotum
943 3025 987 3075 est
1005 3015 1085 3075 illud
1105 3015 1169 3076 Vir-

97 3122 249 3199 gilianum
270 3122 342 3182 Aen.
364 3121 388 3180 Ι.
410 3120 480 3180 607.
503 3120 590 3180 tolsm
610 3142 639 3179 se
653 3121 783 3201 ferebat.
1054 3120 1168 3182 Feruor.

140 3247 214 3285 cors
232 3227 468 3286 mediocriter
490 3224 622 3286 Caesar
640 3259 684 3274 ··-
704 3226 809 3285 oolde
828 3228 1063 3305 contempsit.
1092 3225 1167 3285 Cum

101 3331 212 3392 dixerit
238 3353 298 3392 nors
323 3333 526 3406 mediocriter,
559 3351 615 3392 cur
642 3331 800 3409 subiungit
831 3330 937 3390 valde?
980 3330 1113 3390 Fortasse
1132 3339 1169 3390 ut

102 3439 198 3516 magis
231 3447 353 3515 augeat:
394 3449 429 3496 ut
467 3457 538 3497 cum
577 3437 718 3496 dicebant
755 3435 934 3494 veliementer
966 3435 1054 3492 etium
1082 3443 1169 3513 atque

99 3547 197 3603 etiam.
1065 3537 1169 3598 Miror.

139 3685 202 3698 --·
222 3683 282 3696 --
330 3646 442 3711 Similis
473 3648 612 3727 repetitio
643 3649 675 3705 in
705 3646 763 3704 tibi
781 3678 825 3690 --
846 3645 903 3703 tibi
935 3643 1026 3722 Epist.
1055 3643 1110 3703 Ill.
1141 3643 1168 3702 1.

102 3757 184 3813 or·-
203 3757 238 3816 r'rt
257 3758 287 3815 L.
303 3757 366 3815 Vll.
388 3755 479 3833 Epist.
496 3749 808 3830 xv1.sn.1,[loeqoo
831 3749 957 3808 Troiano
977 3750 1037 3808 sois
1055 3769 1116 3806 esre
1134 3749 1169 3806 ire

102 3873 244 3936 extremo,
274 3883 337 3920 sero
364 3861 508 3940 sopiunt]
549 3857 635 3916 Adde
656 3857 687 3914 L.
707 3857 740 3914 V.
760 3857 812 3934 Ep.
833 3855 912 3913 lllll.
932 3875 961 3913 n.
983 3854 1028 3914 10.
1060 3852 1170 3934 [Quom

103 3966 137 4024 ob
168 3987 230 4024 rem
257 3977 289 4025 tc
318 3977 459 4047 quantum
484 3974 534 4022 tuo
560 3962 677 4034 iudicio
705 3959 893 4018 tribuendum
920 3958 1005 4016 nuliis
1030 3979 1090 4016 esse
1112 3979 1170 4038 pu·

102 4080 161 4143 tes,
191 4081 301 4130 statues
323 4073 403 4150 ipse,
435 4080 463 4128 et
489 4079 523 4127 ct
547 4087 649 4147 spero,
682 4075 793 4123 statues
819 4083 855 4121 eo
877 4072 979 4121 nostro
999 4062 1167 4144 dignitate]

105 4173 222 4235 Gellius
233 4177 264 4234 L.
272 4175 345 4235 xt‘l.
357 4195 383 4234 c.
395 4175 422 4234 3.
434 4177 540 4232 inertes
549 4173 649 4252 fibros
665 4181 693 4228 et
709 4189 820 4229 oocooe
836 4170 956 4228 ventris.
1047 4165 1167 4228 Cosmus.

141 4313 204 4326 -·
223 4315 284 4327 -
325 4281 445 4340 Duriter
474 4281 594 4338 locutus
619 4287 663 4337 est
692 4276 827 4346 Coelius:
850 4295 917 4334 eum
934 4295 995 4333 rori
1015 4273 1168 4333 mediocri-

105 4393 149 4442 ter
187 4383 295 4445 Cursor
318 4419 361 4432 --
389 4385 472 4444 coldo
502 4385 680 4463 costorrrpsit.
731 4383 830 4442 Posset
861 4381 971 4458 aliquis
998 4380 1165 4454 remisere,
