2978 5186
810 360 874 420 176

314 594 384 632 aura
402 570 552 633 Chaereae.
574 601 614 612 -
635 567 734 626 Wenn
756 567 827 626 aber
847 566 965 626 Coelius
990 559 1063 632 (Cic.
1083 563 1161 624 Fam.
1183 564 1263 624 v111.
1285 565 1314 624 9.
1339 564 1380 644 1.)

314 689 396 757 sagt:
428 677 522 735 ciuem
551 673 658 732 bocum
688 672 780 744 ladit,
811 691 844 731 sc
873 681 939 749 sagt
965 691 998 730 er
1018 669 1082 728 dies
1105 673 1160 729 mit
1179 670 1281 748 Spatt,
1303 670 1378 728 viel-

313 781 409 842 leicht
439 783 472 840 in
500 781 570 840 dem
601 779 706 837 Sinne:
738 798 769 835 er
797 776 883 834 treiht
914 775 998 854 Spes
1028 777 1083 832 me't
1107 774 1158 831 der
1185 773 1270 832 Rolle
1296 775 1376 832 eiaas

311 898 403 968 gorea
423 885 562 966 Bargere.
1278 879 1380 938 Kreas.

355 993 575 1050 sententiae
605 989 689 1047 elici
697 998 718 1047 t.
762 987 806 1046 An
827 989 900 1066 quia
919 986 1073 1065 praecedit
1091 985 1186 1062 ludit,
1208 986 1257 1044 his
1277 985 1382 1044 verbis

314 1097 425 1157 alludit
445 1097 483 1156 ad
504 1097 634 1156 Terentii
654 1094 765 1154 verba:
786 1089 1251 1171 sententiaaloquitarcaraisec?
1311 1091 1377 1150 Ean.

356 1201 687 1280 exspectationem
715 1199 886 1276 corripit
905 1206 962 1257 eet.
990 1197 1085 1275 Lego:
1117 1195 1379 1276 Ecspectatioaem

313 1307 453 1386 corrigit;
474 1303 638 1377 Curionem,
654 1324 778 1384 prorsus
800 1301 973 1363 Curionem!
994 1321 1054 1362 aaa
1071 1301 1259 1360 mediocriter
1278 1301 1375 1359 obiur-

309 1420 373 1490 gat.
414 1411 477 1484 Qua
504 1411 683 1488 repetitione
712 1409 865 1487 eleganter
890 1406 1062 1466 subindicat
1089 1404 1225 1478 Coelius,
1252 1389 1381 1487 qualem·

311 1535 343 1574 se
370 1525 444 1574 tuuc
472 1518 597 1594 gesserit
627 1515 717 1574 Curio
743 1525 773 1573 et
804 1533 897 1593 quam
926 1513 1160 1592 perseveraverit
1181 1513 1214 1570 in
1234 1520 1377 1590 suscepta

312 1619 445 1679 factione
478 1618 677 1678 defendenda.
724 1618 761 1677 Et
794 1619 849 1676 has
884 1613 1151 1696 repetitioneslsie
1181 1617 1284 1676 Coelio
1309 1617 1386 1697 pla·-

312 1725 427 1800 unisse,
463 1724 512 1782 vel
547 1724 752 1783 antecedentis
788 1722 931 1801 epistolae
968 1720 1012 1799 [b.
1038 1721 1093 1780 Ed.
1123 1721 1219 1802 vlla]
1249 1723 1375 1781 initium

312 1830 511 1901 demonstrat,
551 1829 605 1888 ubi
644 1830 780 1910 scripsit:
825 1827 908 1886 Scito
948 1824 979 1886 C.
1009 1825 1214 1906 Sempronium
1239 1825 1380 1906 Rufum,

313 1934 448 2015 Rosam,
487 1933 545 1992 mel
574 1954 609 1992 aa
637 1934 762 1993 delicias
789 1935 874 1992 tuas!
903 1931 1084 1991 calumniam
1109 1933 1239 1990 maciaco
1264 1930 1380 2012 plausae

312 2041 423 2100 tulisse.
986 2059 991 2076 ¹
1179 2037 1236 2095 lea.
1255 2037 1377 2096 Gronov.
1413 2039 1416 2048 '

351 2179 413 2192 --
430 2180 493 2191 ·-
532 2145 693 2224 Perpetem
723 2143 901 2221 suspectatio
930 2161 985 2220 pro
1012 2160 1094 2199 mora
1120 2141 1312 2223 etgtarditata
1333 2141 1378 2200 di·

290 2251 402 2309 *citur
861 2283 863 2296 ·
1249 2247 1375 2308 Wauxs.

353 2352 595 2431 obiurgatus.
636 2352 879 2430 liepouentaliter
912 2354 1012 2432 ponit,
1048 2371 1120 2426 cum
1157 2352 1248 2412 etiam
1279 2353 1377 2411 active

313 2456 434 2515 dicatur
453 2455 586 2536 obiurga.
1202 2457 1374 2516 Hunnnrurue.

353 2593 415 2606 --
432 2594 494 2606 --
534 2559 592 2618 Pro
622 2559 809 2640 obiurgauit.-
840 2569 875 2620 ut
902 2563 1021 2619 iuratae
1047 2580 1103 2639 pro
1122 2562 1259 2633 iuravit,·
1282 2570 1311 2621 et
1332 2581 1376 2622 re·

312 2663 433 2722 bellotae
465 2683 521 2743 pro
547 2663 732 2722 rebellavisse
763 2666 840 2725 dixit
870 2665 1004 2726 Valerius
1031 2665 1105 2724 Μαι.
1133 2666 1164 2725 L.
1194 2665 1245 2725 IX.
1274 2685 1299 2726 c.
1327 2664 1372 2727 10.

311 2768 470 2828 Interdum
498 2777 599 2828 tamen
626 2779 691 2829 orta
720 2770 810 2837 mibi=
827 2771 866 2830 de
893 2770 1004 2831 mendo
1034 2772 1167 2851 suspicio
1195 2780 1260 2843 est,
1290 2772 1373 2852 quod

312 2872 438 2933 fortuma
473 2875 624 2953 scripserit
649 2873 767 2934 Coelius
797 2875 943 2956 obiurgat.
973 2875 1089 2936 scilicet
1111 2874 1173 2956 [tac
1199 2877 1318 2956 repulsa
1344 2898 1375 2937 sc

312 2980 457 3055 mutauit,
483 2991 513 3038 et
539 2979 668 3055 scilicet,
700 2999 762 3038 una
782 2981 932 3058 scriptum
949 2979 1037 3040 litera
1060 2962 1094 3058 S,
1115 2983 1305 3041 occasionem
1324 2982 1373 3042 de·

313 3086 392 3145 derit
417 3084 478 3143 loci
504 3083 698 3163 depravandi.
740 3084 849 3144 Omnes
877 3096 977 3144 tamen
997 3084 1070 3144 libri
1089 3091 1204 3144 veteres
1224 3087 1258 3144 in
1278 3085 1373 3144 obiur-

310 3199 400 3272 gatus
430 3189 642 3248 consentiente
679 3189 784 3266 itaque
816 3196 914 3267 potest
950 3192 1110 3270 antiquum
1145 3209 1221 3250 esse.
1242 3201 1273 3251 et
1307 3193 1372 3252 ideo

312 3295 496 3355 Coelianum.
839 3359 841 3365 ,
1274 3297 1372 3357 Marus.

351 3434 413 3446 --
431 3433 493 3446 --
532 3397 674 3457 Libenter
704 3397 842 3480 obiurgat
864 3399 996 3479 praetuli
1021 3400 1108 3460 alteri
1129 3400 1253 3462 lectioni
1275 3403 1371 3464 obiur-

311 3515 417 3586 gatus,
448 3524 527 3585 quae
554 3505 652 3563 aliena
679 3515 733 3566 est.
775 3505 805 3562 Si
822 3505 942 3584 reliqua
962 3483 1024 3565 non
1041 3525 1096 3586 pro
1116 3507 1282 3586 appendice
1303 3509 1372 3567 insi·

314 3610 382 3668 titia
398 3609 614 3688 repudiantur,
631 3612 746 3687 possint
766 3611 891 3688 corrigi:
913 3610 985 3670 adeo
1004 3611 1054 3670 vel
1072 3612 1116 3670 ita
1136 3611 1191 3671 tac
1208 3613 1326 3692 repulsa
1341 3632 1372 3671 sa

312 3715 447 3773 mutarit.
1184 3709 1191 3721 ’
1229 3718 1373 3778 ‘Eanum

349 3802 493 3867 —'-·
533 3817 684 3879 Manutius
707 3813 854 3898 affirmat,
881 3824 915 3880 in
944 3822 1079 3902 antiquis
1096 3841 1206 3900 magno
1225 3841 1372 3883 consensu

312 3923 389 4002 legi:
409 3924 596 4005 obiurgatus:
617 3925 672 3985 leuc
697 3925 814 4006 repulsa
827 3927 967 4007 —quod
988 3927 1080 3986 etiam
1100 3929 1133 3985 in
1151 3927 1199 3986 llr.
1218 3927 1252 4004 1,
1271 3928 1317 3999 ΙΙ,
1336 3926 1371 3985 V.

312 4029 399 4105 Terg.
413 4029 480 4091 Asc.
502 4029 530 4089 l.
551 4041 582 4091 et
601 4033 682 4092 notis
704 4033 864 4092 Hubcrtini
884 4033 997 4093 inveni.
1025 4032 1129 4112 Neque
1144 4031 1198 4092 illa
1219 4032 1311 4093 lectio
1328 4039 1374 4089 tot

312 4131 459 4192 Codicum
482 4138 660 4196 auctoritate
686 4138 822 4198 stabilita
852 4139 937 4197 reiiei
967 4137 1075 4210 debet,
1093 4139 1167 4218 quia
1184 4156 1273 4217 caepe
1292 4138 1375 4195 cins-

312 4237 397 4298 modi
417 4238 509 4299 verba
528 4243 625 4300 activa
643 4243 733 4303 etiam
754 4242 933 4321 deponentis
951 4243 1080 4302 formam
1096 4222 1263 4303 admittunt
1271 4242 1373 4324 {atque

312 4343 463 4404 incertum
490 4354 551 4423 est,
580 4365 617 4407 au
641 4366 700 4408 nou
730 4349 821 4412 etiam
852 4349 964 4412 Horatii
989 4349 1165 4412 samonum
1193 4350 1225 4412 L.
1254 4351 1292 4411 11.
1311 4347 1374 4412 Sat.
