3034 5166
649 385 709 444 117

150 599 223 668 ταῖς
246 619 278 658 τε
299 591 414 666 ἄλλαις
433 595 487 694 καί
507 599 547 676 τῇ
566 595 686 677 Καπύη
706 592 893 682 προσέβαλε.
918 597 994 678 πρὸς
1016 591 1073 661 οὑν
1092 605 1220 665 τοῦτον·

141 715 161 774 ό
186 709 357 782 Καικίλιος
379 710 559 792 οίφσρμῆσαι
582 706 743 792 θελήσας,
764 710 842 773 ὥστε
862 712 932 792 μετ’
956 707 1055 776 αὐτοὺ
1077 725 1144 780 πᾶν
1163 722 1203 797 ὅ,

140 852 175 889 τι
201 825 336 895 όὺναιτο
360 827 417 888 τόν
444 826 595 907 Καίσαρα
619 822 783 904 λυπῆσαι,
811 826 912 890 ἔπειτ’
935 825 1044 912 ἐπειδὴ
1065 838 1141 912 μήτε
1167 834 1202 898 ἐκ

141 952 199 1006 τοὺ
213 946 398 1027 προφανοῦς
412 940 584 1024 ἐκδημῆσαι
600 938 754 1021 ἐδύνατο,
785 941 1004 1030 (παρετηρεῒτο
1029 947 1103 1036 γὰρ)
1130 952 1217 1032 μήτ”

134 1054 179 1126 αὑ
204 1060 357 1147 ἐκδράναι
385 1060 524 1142 ἐτόλμα,
551 1060 605 1124 ini
627 1086 661 1124 τε
684 1061 809 1143 τᾶλλα,
833 1066 887 1126 καί
912 1066 961 1126 ότι
976 1060 1086 1147 πολλῷ
1100 1063 1199 1129 πλείω

134 1178 173 1240 ἐν
196 1201 229 1241 τε
254 1185 297 1260 τῷ
321 1183 457 1263 σχήματι
483 1180 538 1239 καὶ
562 1179 598 1242 ἐν
624 1183 668 1261 τῷ
690 1179 825 1260 ὀνόματι
850 1183 894 1262 τῷ
918 1185 982 1259 τῆς
1005 1185 1197 1264 στρατηγίας

133 1295 182 1356 ὢν
219 1292 438 1376 καταπράξειν
473 1291 613 1372 ἤλπιζε,
632 1297 678 1376 τῷ
710 1317 743 1356 τε
779 1295 893 1376 ὑπάτῳ
927 1295 1112 1379 προσῆλθε,
1141 1303 1213 1360 καί·

138 1404 315 1493 παρῃτεῖτο
353 1409 475 1487 αὑτόν,
510 1406 636 1487 λέγων,
675 1411 752 1493 πρός
784 1411 840 1472 τόν
867 1411 1018 1494 Καίσαρα
1041 1411 1217 1477 ὑπελθεῖν

132 1525 323 1594 θοιίλεσθαι.
357 1527 563 1604 ὑποτοπήσας
588 1518 644 1588 οὑν
671 1523 876 1605 ἐκεῖνος-τῆν
900 1523 1050 1589 διάνοιαν
1077 1527 1196 1608 αὐτοῦ,

135 1638 294 1722 ἐπέτρεψε
318 1642 376 1720 μέν
403 1642 435 1702 οἱ
450 1643 731 1739 τοῦτοπσιῆσαι,
765 1638 869 1713 ἄλλως
891 1664 924 1704 τε
948 1643 1001 1703 καί
1027 1644 1076 1704 ότι
1100 1644 1198 1718 πολός

135 1756 300 1846 ἐνέκειτο,
325 1763 385 1832 τό,
412 1779 445 1820 τε
469 1759 524 1819 τοῦ
547 1758 711 1839 Καίσαρος
731 1759 834 1837 ὄνομα
847 1755 1120 1840 ἐπικαλούμενος,
1144 1769 1197 1824 καὶ

135 1874 215 1956 πρὸς
239 1877 298 1954 τήν
320 1869 502 1948 ἀπολογίαν
523 1868 561 1950 δή
577 1855 761 1948 ἐπείγεσθαι
775 1875 1002 1953 σκηπτόμενος.
1014 1875 1215 1958 συνέπεμφεε

135 1987 170 2051 δέ
201 1987 289 2070 αὐτῷ
316 1985 477 2071 δήμαρχόν
503 2009 603 2064 τινα,
626 1986 659 2048 ίν
683 1986 711 2048 εί
747 2009 778 2047 τι
802 1989 982 2070 νεοχμῶσαι
1015 1988 1213 2071 τολμήσειε,.

135 2103 313 2185 κωλυθείη.

181 2219 223 2309 (e.
255 2219 327 2307 25.)
377 2218 433 2292 Ὡς
461 2217 495 2281 ii
532 2223 567 2282 ἐν
602 2227 642 2302 τῇ
672 2220 855 2300 Καμπανίᾳ
882 2216 1056 2299 ἐγένοντο,
1082 2225 1136 2284 καί
1160 2227 1197 2304 ό,

135 2361 170 2399 τε
194 2333 315 2398 Μίλων
340 2335 479 2407 πταίσας
502 2335 579 2418 πρός
605 2341 645 2418 τῇ
651 2340 653 2360 “
669 2335 788 2417 Καπιίη
813 2336 843 2406 ἐς
866 2338 906 2396 τὰ
929 2341 1121 2420 Τιφατρηνὰ
1142 2341 1199 2424 ὄρη

135 2453 366 2530 κατεπεφεύγει
381 2499 388 2529 ,
411 2450 464 2512 καί
479 2447 679 2522 όΚαικίλιος
691 2447 799 2512 οὐκέτι
813 2439 989 2534 περαιτέρω
1001 2453 1196 2538 προύχώρει,

134 2564 241 2639 δείσας
263 2569 281 2628 ό
302 2565 461 2651 δήμαρχος
486 2565 594 2630 οίιιαόε
609 2569 829 2645 ἐπαναγαγεῖν
846 2566 945 2629 αὑτόν
958 2565 1106 2650 ἠθέλησε.
1121 2594 1207 2654 προ--

127 2687 315 2764 πυθόμενος
340 2675 396 2745 οὑν
421 2683 517 2746 ταῦθ’
541 2685 559 2745 ό
579 2680 768 2767 Σερουίλιος
776 2730 786 2760 ,
812 2686 855 2765 τῷ
875 2683 933 2762 μὲν
950 2679 1084 2744 Μίλωνι
1101 2682 1194 2747 πόλε-

130 2822 195 2876 μον
223 2801 263 2868 Ιἐν
289 2805 328 2882 τῆ
353 2796 455 2884 βουλῇ
481 2796 666 2878 ἐπήγγειλε,
692 2799 747 2860 τόν
775 2795 809 2860 δέ
833 2794 871 2876 δὴ
906 2789 1092 2861 Καικίλιον
1114 2803 1193 2864 ὑπο-

127 2920 241 2996 μεῖναι
263 2917 319 2995 μὲν
339 2917 373 2978 ἐν
394 2922 438 2997 τῴ
457 2913 655 2998 προαστείῳ,
677 2913 786 2994 μήκαὶ
804 2909 924 2995 ταράξῃ
944 2934 992 2990 τι,
1015 2912 1205 2981 ἐκέλευσεν,

129 3033 169 3094 οὑ
192 3027 304 3111 μέντοι
331 3029 385 3092 διὰ
411 3023 554 3111 φυλακῆς
576 3029 743 3114 οέκριβοὺς,
769 3029 825 3091 όίτε
851 3029 905 3090 καί
932 3039 1190 3111 στρατηγοῦντα,

130 3149 317 3227 ἐποιήσατο.
343 3143 468 3228 ἀπέδρα
492 3169 526 3208 τε
547 3136 604 3208 οὑν
613 3191 623 3222 ,
650 3146 703 3206 καί
717 3145 794 3228 πρός
808 3144 863 3207 τόν
877 3141 1020 3207 Μίλωνα
1032 3147 1193 3230 ήντείγετο.

126 3266 190 3346 κᾷν
219 3260 338 3344 ἔπραξέ
364 3285 395 3322 τι
419 3258 623 3346 ταραχῶδες,
656 3265 684 3324 εἰ
717 3259 826 3334 ζῶντα
851 3259 949 3323 αὐτόν
973 3262 1108 3344 εὑρήκει·
1132 3272 1207 3328 νῦν

91 3423 96 3438 ,
129 3378 187 3456 δέ,
211 3381 244 3440 ἐκ
270 3383 325 3458 τῆς
351 3379 550 3458 Καμπανίας
576 3380 764 3448 ἐκπεσόντος
787 3375 911 3454 αὐτοῦ,
933 3377 987 3436 καί
1013 3377 1048 3439 ἐν
1062 3375 1192 3443 Ἀπου-

127 3493 185 3574 λίᾳ
210 3492 412 3576 φθαρέντος,
435 3494 467 3566 ἐς
490 3519 523 3556 τε
545 3499 605 3574 τήν
633 3493 797 3576 Βρεττίαν
822 3487 951 3573 ήλθεν,
975 3493 1018 3564 (ὑς
1042 3490 1188 3560 ἐνταῦθα

124 3607 164 3687 γέ
187 3633 216 3670 τι
235 3613 413 3688 συστήσων·
438 3611 491 3672 καί
519 3611 604 3686 ἐκεί,
622 3603 708 3692 ιπρίν
734 3614 866 3688 ποιῆσαι
889 3605 986 3684 λόγου
1011 3631 1041 3670 τι
1063 3607 1183 3689 ἄξιον,

119 3723 285 3789 ἀπώλετο.
307 3723 538 3807 συστραφέντες
559 3727 619 3807 γὰρ
641 3727 672 3785 οἱ
692 3726 732 3786 τὰ
754 3729 808 3787 τοῦ
830 3723 993 3807 Καίσαρος
1015 3729 1180 3808 πράττον-

122 3863 196 3918 τες,
220 3839 416 3905 οἷπέκτειναν
444 3844 553 3907 αὑτόν.
582 3841 639 3902 καί
663 3843 694 3902 σί
716 3841 774 3920 μέν
796 3841 895 3912 οὕτως
916 3838 1099 3906 οἷπέθανσν.

351 4017 514 4090 Μιτοσοισει,
538 4016 714 4076 Saturnalia
735 4017 765 4076 L.
789 4016 842 4076 ΙΙΙ.
864 4035 890 4074 ο.
915 4011 962 4074 14.

164 4193 345 4272 Priusquam
373 4213 389 4252 a
419 4191 577 4251 saltatione
605 4191 746 4262 discedo,
777 4190 856 4248 iliud
875 4190 1036 4266 adiiciam,
1057 4213 1118 4253 uno
1135 4218 1200 4257 eo..

116 4297 254 4376 demque
272 4310 426 4376 tempore,
445 4297 543 4355 tribus
561 4297 758 4356 nobilissimis
777 4295 914 4366 civibus,
935 4317 995 4356 nou
1018 4300 1107 4358 inodo
1123 4315 1185 4364 stu-

116 4402 209 4461 dium
229 4402 378 4478 saltandi,
402 4401 455 4462 sed
478 4403 566 4462 etiam
589 4399 625 4482 (si
644 4400 704 4460 diis
721 4397 833 4480 places)
850 4401 988 4479 peritiam
1008 4420 1068 4480 qus
1090 4407 1204 4483 glori-2.
