2978 5186
632 388 693 449 147

126 591 209 650 sitit
229 603 272 650 cst
291 593 326 650 in
337 593 506 672 parietibus
526 627 566 642 -
590 605 620 655 et
635 597 685 657 Dr.
703 599 799 674 1‚11‚
821 601 861 677 V,
876 610 944 680 post
959 603 1051 663 verba
1069 606 1192 666 ultima:

126 706 225 755 cetero
244 696 583 776 milri-probabuntur—
594 702 716 762 tandem
733 704 863 764 redeunt
873 705 912 764 ad
928 707 1038 777 omissa
1049 711 1193 786 epistolae

87 871 90 876 Ι
125 801 158 860 ll
169 801 278 862 verba:
295 799 376 874 Non,
391 803 582 876 moerentes,
602 806 683 864 sitit
700 826 831 886 utiquam
843 819 963 889 praetor
975 813 1191 890 opinionem-ss

126 913 159 964 et
191 908 234 966 ita
263 905 397 984 reliquas
423 905 564 987 deinceps
588 910 729 988 epistolas
751 911 824 972 libri
842 913 912 973 Vlll
933 915 965 972 in
984 905 1192 996 superioribus
1307 906 1313 921 ⁹

126 1012 266 1085 omissas,
287 1011 345 1069 hoc
366 1010 490 1072 demum
511 1013 578 1072 loco
599 1014 759 1074 adiiciunt.

165 1096 337 1176 Dresdensis
361 1115 407 1174 Ill
431 1127 533 1176 tamen
554 1127 621 1196 post
650 1120 736 1198 epist.
761 1119 810 1180 XV
839 1120 911 1182 libri
936 1123 973 1182 lX
998 1107 1060 1186 nou
1075 1128 1194 1189 addidit

124 1220 268 1299 epistolas
295 1220 368 1278 libri
396 1219 466 1280 VllI
496 1224 639 1294 omissas,
671 1223 743 1283 licet
772 1225 805 1284 in
818 1226 1079 1292 ‚antecedentibus
1102 1235 1192 1295 verbu

123 1325 270 1404 epistolae
294 1326 324 1384 ll
346 1327 436 1384 etism
455 1345 527 1386 com
544 1327 644 1388 verbis
663 1348 708 1407 ep.
726 1330 765 1388 IX
786 1329 858 1390 libri
878 1332 964 1405 Vlll,
978 1337 1058 1395 sicut
1076 1337 1189 1417 reliqui

123 1429 260 1500 Codices,
281 1449 420 1509 perverse
439 1433 642 1494 coniunxerit.

169 1535 208 1594 ln
228 1535 387 1595 liresdensi
408 1536 447 1596 lV
465 1547 585 1610 autem,
604 1541 659 1617 qui
679 1557 749 1598 cuns
768 1511 926 1600 nonnullis
946 1531 1036 1623 plane
1053 1549 1194 1608 omiserat
1317 1581 1321 1589 ·

122 1638 241 1698 librum
268 1649 426 1715 octavum,
454 1650 519 1719 post
544 1625 702 1720 epistolaris
729 1643 777 1702 XV
803 1644 874 1703 libri
902 1645 942 1704 IX
967 1659 1068 1708 tomen
1086 1653 1193 1712 inserit
1291 1670 1296 1678 ·

122 1745 211 1822 epist.
230 1744 283 1803 lll.
304 1744 353 1802 IV.
368 1745 401 1804 V.
420 1744 492 1804 libri
507 1745 578 1807 Vlll
588 1791 598 1822 ‚
617 1747 669 1808 sed
686 1756 754 1826 post
769 1767 816 1826 ep.
833 1748 857 1806 V
872 1749 944 1810 libri
958 1751 1030 1812 VIII
1048 1758 1149 1816 statim
1162 1761 1194 1817 iu

122 1850 206 1908 riam
233 1849 313 1909 redit
342 1857 372 1909 et
402 1849 542 1928 adiungit
560 1852 648 1929 epist.
668 1850 734 1910 XVI
750 1849 823 1910 libri
840 1851 893 1928 IX,
918 1857 1037 1916 omissis
1058 1863 1193 1938 epistolis

119 1953 183 2028 vr,
203 1954 276 2026 vu,
297 1953 386 2026 uu,
408 1954 448 2012 rx
463 1955 535 2014 aaa
554 1955 624 2014 vui
645 1965 738 2035 atque
767 1955 858 2016 stiam
874 1957 927 2016 rua
946 1971 1031 2036 parte
1049 1965 1194 2040 epistolae
1222 1948 1225 1958 '

119 2059 151 2118 Il
171 2059 244 2118 libri
268 2058 337 2118 VllI
357 2059 508 2136 neglecta,
528 2079 606 2140 quae
631 2059 740 2137 incipit
758 2061 906 2123 avertis:
927 2071 988 2122 ansi
1000 2067 1192 2148 subuculas,

118 2163 203 2222 sitit
224 2183 354 2242 uaqocm
374 2199 415 2212 -
435 2173 466 2224 et
486 2185 579 2245 quarn
597 2165 711 2245 reliqui
732 2165 807 2226 libri
831 2167 975 2246 epistolae
991 2170 1041 2230 XV
1061 2173 1133 2236 libri
1153 2179 1193 2237 IX

118 2269 332 2346 adnectebant.

160 2373 389 2452 Qnatruplicem
419 2375 514 2452 igitur
538 2375 749 2438 confusionem
781 2376 813 2434 in
840 2375 927 2438 libris
956 2398 974 2438 a
1000 2401 1050 2442 me
1072 2385 1192 2450 collatis

120 2478 334 2540 animadverti.
373 2545 380 2558 „

163 2579 194 2664 1)
234 2583 334 2642 Primo
355 2583 483 2662 plurimi
509 2603 580 2642 cum
606 2586 707 2662 prima
725 2585 850 2664 periodo
867 2586 941 2646 libri
955 2588 1024 2651 VIII
1047 2597 1191 2672 epistolae

119 2688 170 2763 11,
197 2687 276 2746 rnalc
304 2688 495 2765 coniungunt
521 2687 653 2746 mediam
677 2688 835 2767 epistolam
856 2690 896 2749 IX
913 2681 986 2752 libri
1010 2697 1079 2758 Vlll
1098 2711 1128 2760 et
1149 2703 1195 2764 ita'

117 2793 228 2852 ordine
247 2793 330 2852 haud
349 2794 519 2872 interrupto
539 2803 670 2871 pergunt
690 2811 786 2870 usqne
805 2792 844 2852 ad
864 2793 957 2856 linem
974 2801 1119 2876 epistolae
1138 2807 1188 2866 XV

114 2897 192 2956 uus
212 2891 278 2956 ru·
630 2883 636 2914 “·

158 2998 191 3083 2)
226 3002 317 3062 Porro
333 3003 366 3060 in
385 3002 447 3061 fine
465 3001 558 3062 buius
580 3001 725 3080 epistolae
747 3001 795 3062 XV
807 3002 934 3063 -nlins
955 3008 1183 3078 indeaverbis:

113 3110 144 3166 si
173 3108 253 3164 caim
280 3107 361 3166 attii
384 3117 427 3166 est
445 3109 480 3166 ia
494 3106 665 3187 parietibus
688 3140 728 3152 --
748 3107 802 3167 alii
822 3109 893 3168 inde
912 3133 929 3172 a
951 3115 1068 3176 verbis:
1091 3129 1186 3180 cetero

113 3212 195 3271 milri
210 3213 433 3291 probabuntur,
452 3245 491 3256 -
504 3212 622 3270 addunt
643 3212 793 3292 reliquam
812 3217 957 3293 epistolae
972 3218 1001 3278 ll
1020 3221 1093 3282 libri
1113 3225 1184 3285 VIll

110 3326 234 3396 partein
267 3337 336 3376 curn
368 3329 482 3396 septem
507 3317 705 3396 sequentibus
737 3323 894 3397 usquead
918 3324 1009 3383 verba
1027 3328 1113 3404 epist.
1141 3329 1183 3388 lX

112 3425 191 3483 libri
210 3423 298 3482 Vlll:
318 3423 413 3496 Poto,
433 3423 552 3481 etiamsi
568 3421 661 3480 otum
674 3443 766 3500 spem,
784 3426 866 3484 undo
884 3401 915 3486 io
932 3431 1181 3492 antecedentibus

111 3528 256 3588 conlusio
279 3528 333 3587 illa
365 3529 526 3605 inceperat.
569 3526 644 3602 Sed,
665 3527 749 3606 qnod
770 3528 847 3588 bene
864 3534 1032 3594 notandum
1053 3545 1114 3609 est,
1132 3538 1198 3600 Jlr.v

108 3635 147 3710 I,
167 3634 212 3705 tl,
227 3633 270 3702 V,
292 3633 335 3692 ibi
353 3653 475 3712 qnoque
491 3630 709 3710 verbaultirna
727 3633 870 3710 epistolae
888 3637 937 3696 XV
947 3640 1019 3703 libri
1030 3641 1070 3701 IX
1078 3642 1180 3704 denuo

108 3747 359 3817 repctnntatqne
367 3741 556 3814 coniungunt
563 3736 726 3812 ,legentem
739 3737 963 3814 Poto‚ets'cmsi
971 3746 1084 3806 nullom
1094 3747 1181 3829 (riti-
1213 3761 1218 3774 ’

111 3867 168 3908 ose
182 3866 239 3926 pro
257 3844 362 3928 ollam)
377 3867 457 3926 spem
467 3855 519 3906 ont
536 3847 571 3902 io
586 3854 660 3910 teoto
677 3846 749 3903 citii
768 3855 863 3906 cetero
881 3848 957 3908 miti
963 3851 1177 3928 probobmstur.

65 3957 68 3962 ’
152 3960 187 4042 3)
225 3957 301 4016 Tum
318 3955 416 4027 alins,
436 3953 490 4032 qui
507 3950 635 4030 quidem·
649 3951 682 4009 in
698 3952 947 4014 antecedentibus
958 3956 1092 4034 epistolis
1104 3959 1176 4019 libri

107 4067 181 4126 VIII
203 4055 340 4123 laudatas
356 4063 416 4118 iarn
435 4069 503 4117 octo
521 4055 661 4134 epistolas
678 4055 837 4127 omiserat,
858 4065 960 4118 tomen
978 4069 1045 4138 post
1063 4066 1178 4140 episto-

107 4181 174 4238 lam
195 4175 244 4232 XV
265 4171 337 4230 libri
358 4169 398 4228 IX
418 4168 484 4228 illas
502 4187 563 4227 urin
582 4163 676 4224 addit.
1122 4235 1123 4242 ἵ

151 4279 184 4360 4)
225 4277 311 4336 Alius
329 4275 478 4352 donique,
493 4273 665 4350 quitotum
684 4267 797 4328 librum
813 4269 883 4328 VIII
894 4273 1054 4343 omiserat,
1072 4281 1177 4336 tomen
1195 4268 1197 4274 ¹

8 4383 9 4390 ’
104 4383 270 4467 epistolam
289 4381 349 4456 Ill,
371 4380 419 4474 IV,
435 4378 468 4454 V,
485 4387 552 4456 post
573 4374 730 4454 epistolam
747 4373 795 4434 XV
817 4374 888 4434 libri
908 4375 946 4435 IX
965 4376 1124 4438 adiunxit.-

506 4501 508 4505 ·
982 4485 1055 4544 10*
