2978 5186
622 385 679 444 141

121 596 341 656 Decemvirales
351 621 359 673 5
381 615 437 656 noc
454 615 516 656 non
536 597 718 656 Pontificum
735 596 833 674 leges,
847 605 877 656 et
895 597 1025 660 Annales
1034 622 1044 678 5
1061 600 1184 666 adhaec

120 701 297 761 columnam
316 710 475 762 rostratam
495 701 620 772 liuilni,
642 701 762 781 aliaque
781 701 830 760 his
845 703 966 762 similia.
1007 704 1186 764 Adolescen-

118 807 196 864 tiam
218 807 411 885 auspicamur
430 826 447 865 a
464 806 549 864 Livio
568 805 756 880 Andronico,
787 826 877 886 quem
896 810 993 867 secuti
1014 810 1093 868 inter
1110 809 1186 869 alios
1257 833 1259 840 ·

118 911 270 985 Naevius,
287 910 424 985 Ennius,
444 911 607 981 Pacuvius,
633 908 751 969 Attius:
776 909 944 990 meliorque
981 913 1030 972 his
1056 914 1179 974 Porcius

118 1016 209 1088 Cato,
230 1017 318 1075 cuius
342 1015 414 1074 libri
430 1015 469 1074 de
488 1015 523 1074 R.
544 1016 659 1074 rustica
677 1014 898 1094 perdurarunt:
918 1027 1105 1076 caeterorum
1120 1017 1184 1078 fra-

117 1129 244 1199 gmenta
271 1120 370 1180 solum
397 1119 552 1179 habemus.
600 1120 714 1198 Optimi
742 1138 813 1178 vero
839 1121 870 1177 in
901 1120 1104 1182 adolescentia
1125 1123 1182 1184 hac

116 1225 264 1300 Plautus,
298 1226 522 1305 Terentiusque.
565 1225 704 1302 Vigorem
733 1244 822 1301 vero,
850 1244 885 1284 ac
901 1228 1127 1304 maturitatem,
1151 1229 1184 1288 in

113 1349 206 1410 prosa
237 1330 350 1390 babent
380 1330 500 1402 Cicero,
531 1329 656 1406 Caesar,
675 1329 811 1402 Caelius,
832 1331 1008 1403 Sallustius,
1028 1331 1183 1391 Cornelius

114 1435 234 1514 Nepos,
261 1435 388 1510 Liuius,
414 1435 564 1506 VelleIus,
588 1435 623 1493 H.
654 1435 784 1514 Sepeca:
804 1436 836 1493 in
856 1437 991 1494 carmine
1005 1434 1182 1510 Lucretius,

112 1539 272 1612 Catullus,
289 1539 391 1614 Hero,
403 1539 560 1611 Horatius,
579 1539 733 1614 Tibullus,
751 1539 940 1618 Propertius,
957 1540 1097 1611 Gratius,
1114 1541 1181 1599 Ori·
1198 1605 1203 1616 .

113 1645 204 1717 dius,
224 1644 303 1704 Pedo
323 1644 531 1704 Albinovanus
552 1652 582 1703 et
603 1645 651 1703 bis
672 1643 823 1724 aequales.

155 1811 197 1869 Io.
219 1810 463 1884 Ans.Irun1c1us,
494 1808 680 1868 Bibliotheca
699 1807 811 1866 Latina
831 1808 895 1867 v01.
917 1808 946 1867 2.
968 1829 996 1886 p.
1021 1808 1088 1869 110.
1104 1829 1136 1886 p.

156 1972 246 2032 Liber
276 1973 355 2033 VIII.
382 1991 444 2033 non
471 1973 683 2052 complectitur
715 1971 862 2050 Epistulas
889 1970 1057 2047 Ciceronis,
1073 1971 1127 2052 sed
1144 1971 1180 2032 Μ.

111 2078 208 2138 Caelii
222 2077 293 2137 Rufi
310 2077 348 2136 ad
368 2078 552 2138 Cleeronem.
594 2077 647 2136 Hic
668 2085 713 2136 est
733 2075 870 2152 Coelius,
893 2095 985 2156 quem
1009 2077 1129 2136 Vossius
1147 2079 1181 2135 iu

110 2182 239 2263 praefat.
268 2183 307 2242 ad
333 2183 427 2242 libros
448 2182 483 2240 de
507 2155 602 2240 Vitta
625 2179 776 2240 Santonis
797 2180 962 2258 adiungere
981 2200 1043 2241 non
1060 2180 1181 2240 dubitat

109 2288 267 2360 Ciceroni,
283 2288 400 2347 Caesari
415 2288 544 2366 aliisque
564 2285 761 2364 scriptoribus
778 2288 895 2365 primae
906 2304 992 2344 aerae
1000 2330 1010 2362 ‚
1026 2287 1179 2366 quirigo-
1203 2327 1206 2334 ⁴

108 2415 178 2454 rem
192 2407 227 2452 ac
242 2394 448 2452 maturitatem
466 2393 499 2450 in
515 2390 610 2450 latina
631 2385 766 2449 dictione
782 2397 854 2448 sunt
874 2393 1038 2450 consecuti.

182 2557 336 2618 Csnrsrorn.
358 2557 519 2626 Cainnas,
542 2551 635 2614 Curae
649 2554 828 2636 posteriores
848 2555 882 2612 de
901 2551 1106 2614 Barbarismis

192 2673 221 2720 ct
240 2660 409 2720 Idiotisms's
431 2660 583 2720 Sermonis
603 2659 713 2718 Latini
732 2651 899 2738 Prolegom.
919 2680 949 2739 p.
973 2658 1020 2720 13.
1041 2679 1085 2740 sq.

121 2807 127 2818 ⁸
152 2827 222 2886 Post
243 2845 334 2886 aurea
351 2826 405 2886 illa
424 2825 529 2899 Aetas,
550 2844 628 2905 quae
649 2826 682 2882 in
701 2823 820 2882 caelum
846 2823 1039 2882 Latinitatem
1051 2823 1176 2896 extulit,

102 2933 287 2994 felicissimo
318 2931 416 2990 cidere
444 2937 547 2988 exorta
567 2936 620 2986 est.
662 2927 777 2986 Primae
797 2928 830 2984 in
849 2945 884 2985 ea
903 2925 978 2998 lert,
1000 2935 1030 2986 et
1050 2926 1176 3006 quidem

101 3027 219 3100 merito
241 3054 311 3106 suo,
335 3034 370 3093 Μ.
392 3032 508 3093 Tullius
527 3031 683 3090 Cicero·-
708 3030 857 3111 Aequales
877 3029 1051 3092 fuerumt.
1072 3032 1172 3092 lulius

98 3143 269 3203 Caesar--
290 3140 413 3219 Crispus
430 3137 645 3196 Sallustius--
665 3134 821 3194 Cornelius
842 3136 992 3216 Nepos--
1009 3136 1045 3198 Μ.
1071 3137 1176 3198 Teren·

99 3251 170 3308 tius
186 3245 333 3305 Varro--
350 3244 463 3303 Hirtius
483 3242 577 3302 Pansa
588 3275 632 3286 --
649 3250 678 3300 et
698 3241 858 3300 clarissimi
876 3243 951 3316 riri,
971 3261 1102 3321 quorum
1114 3245 1176 3321 epi-

98 3353 202 3412 stolae
220 3353 300 3410 Inter
316 3348 525 3408 Ciceronianus
533 3353 713 3419 serrantur,
728 3345 887 3424 Pompeius
901 3344 1040 3422 Magnus,
1055 3347 1175 3406 Servius
1192 3329 1194 3340 ¹

95 3455 275 3534 Sulpicius,
301 3453 337 3514 ll.
364 3467 395 3511 et
418 3453 452 3511 D.
480 3450 580 3526 Bruti,
608 3449 637 3509 C.
666 3450 800 3525 Cassius,
827 3448 1011 3526 Trebonius,
1028 3451 1175 3525 Plancus,

94 3560 244 3635 Caelius,
265 3559 396 3638 aliique,
416 3555 556 3615 illaudati
576 3531 639 3614 esse
659 3573 720 3613 non
741 3562 878 3633 possunt.

167 3734 251 3806 Inna,
273 3729 411 3817 Historia
427 3728 613 3808 explicandis
631 3724 933 3806 epistolisCicsronis
951 3747 1115 3788 accommo-

210 3837 295 3911 dato,
317 3834 409 3914 (edid.
437 3835 480 3894 lo.
514 3831 601 3890 llich.
626 3831 809 3910 Heusinger,
834 3842 916 3910 post:
944 3831 1073 3893 Fabricii

266 3941 395 4001 Historia
420 3939 456 3999 Μ.
483 3935 574 3995 Tullii
605 3934 757 3994 Ciceronis
788 3955 843 4012 per
871 3937 1010 3996 consules

329 4044 481 4122 descripta
499 4040 657 4121 Bcdingcc
679 4037 781 4120 1727.)
791 4059 821 4119 p.
832 4037 893 4098 245
903 4057 969 4117 sqq.

477 4215 605 4275 Historia
621 4213 706 4272 Libri
726 4210 829 4272 VIII.-

135 4393 227 4456 Nilril
255 4393 288 4451 in
312 4391 370 4453 hoc
395 4389 474 4450 libro
501 4388 651 4448 Ciceronis
681 4395 725 4448 est
732 4409 740 4464 3
773 4385 825 4448 sed
846 4404 949 4448 omnes
970 4383 1113 4463 epistolae
1132 4383 1168 4444 H.
