2978 5186
814 401 876 461 188

308 612 514 672 antecedentis
548 609 591 689 [Ιι.
623 609 674 668 Ed.
703 605 765 688 Vl]
815 608 923 688 ltaque
947 608 1095 668 librorum
1120 610 1246 670 illarum
1275 621 1379 673 aucta·

306 721 394 777 ritate
423 714 620 776 scribendum
645 721 706 770 est:
749 711 863 785 Porro,
897 712 1083 792 significatio
1102 713 1164 772 alla
1187 717 1378 775 intercessit:

227 829 231 836 '
307 824 433 894 alarius,
456 841 544 901 qaam
566 817 666 876 deceat
684 827 737 874 aut
754 817 905 894 remediat,
920 816 989 894 fiat.
1232 818 1377 880 Bassareu.

348 921 527 1000 alarius}
555 941 666 1002 qaam
698 921 832 979 aleaeat
863 931 929 978 aut
958 921 1281 1004 eapediat,fiat.
1323 926 1376 984 lli·

305 1013 364 1092 nus
403 1032 477 1090 haee
505 1027 641 1088 clausula
671 1025 816 1100 offendit,
844 1043 937 1104 quam
965 1025 1018 1103 Ep.
1049 1025 1081 1084 V.
1109 1025 1152 1104 [h.
1182 1028 1235 1088 Ed.
1265 1030 1315 1090 vl.
1343 1031 1375 1090 3.

305 1147 386 1197 aurat
396 1181 405 1210 ,
424 1144 592 1214 superetn
605 1131 717 1212 fallit]
1247 1133 1375 1194 Wuasui.

317 1287 322 1310 ,.
343 1241 372 1322 5
400 1241 429 1300 3.
472 1239 710 1297 alterutrum
748 1236 788 1292 de
818 1234 951 1314 filiis.
993 1235 1115 1313 Torgav.
1145 1237 1373 1298 alterumutrum

305 1348 339 1405 da
356 1347 460 1425 siliis,
488 1349 567 1403 sicut
595 1343 684 1401 etiam
707 1339 868 1418 Bangelius
890 1339 1018 1398 exedit.
1060 1341 1184 1400 Victorii
1206 1345 1371 1421 expressit3

302 1455 374 1532 quia
401 1451 587 1530 antiquiores
608 1449 651 1505 ita
669 1447 755 1525 loqui
777 1444 924 1502 solebant.
1228 1446 1375 1511 Bsuuuxer.

335 1557 473 1636 patuit
495 1556 578 1611 siae
607 1551 786 1638 Parthis.
829 1549 896 1610 Noa
925 1550 1133 1630 indigebamus
1151 1551 1299 1624 Parthis;
1320 1573 1372 1610 ea-

301 1681 369 1720 ram
398 1680 483 1740 opera
510 1678 602 1737 aequo
634 1659 733 1714 auimo
764 1676 862 1714 aarere
885 1666 1065 1735 poteramus.
1106 1657 1180 1716 Nam
1196 1666 1296 1734 potest
1315 1678 1371 1736 pro

293 1766 369 1846 fieri
389 1774 487 1844 potest
513 1765 679 1834 usitatum,
711 1769 745 1820 ut
772 1761 951 1839 suppleatur
979 1780 1042 1833 res,
1072 1771 1125 1820 aut
1142 1762 1255 1820 similia
1276 1763 1371 1822 verba

300 1860 476 1929 ialleiinitae
507 1867 745 1945 significationis.
1242 1865 1369 1926 Wusn.
1472 1885 1477 1892 ·

338 1973 419 2055 54.
454 1972 763 2055 ferventissime
800 1973 1066 2049 aaaaerpitur.
1118 1971 1276 2050 Carpitur,
1307 1992 1370 2032 mo-

298 2090 405 2140 vetur:
443 2099 460 2139 a
499 2078 585 2158 qual
626 2097 642 2136 a
675 2096 707 2136 se
737 2077 823 2154 ipso,
848 2077 911 2134 suis
942 2076 1113 2135 actionibus
1143 2098 1198 2155 pra
1227 2077 1370 2153 Caesare,

298 2186 445 2262 novisque
472 2183 612 2260 legibus,
643 2181 737 2239 viaria
762 2191 791 2239 et
823 2180 1021 2240 alimentaria.
1063 2181 1133 2240 lure
1161 2183 1264 2240 sardes
1295 2205 1369 2244 ver·

298 2287 407 2347 barum
439 2290 471 2345 in
503 2287 603 2346 Coelio
631 2286 788 2344 damnavit
809 2285 986 2364 antiquitas.
1028 2285 1107 2359 Quid
1126 2289 1209 2346 euim
1228 2288 1286 2348 hoa
1304 2299 1365 2363 est,

291 2391 517 2473 ferventissime
538 2387 745 2468 aaaaerpitur?
1261 2393 1366 2456 mm,

248 2482 250 2490 ¹
336 2493 367 2576 5
379 2494 407 2554 6.
454 2494 574 2572 Tur'pe
595 2493 674 2550 tibi
694 2494 782 2551 erit.
823 2492 939 2552 Festive
959 2504 988 2552 et
1007 2495 1144 2556 iucunda
1165 2497 1268 2576 lepore
1285 2508 1366 2558 tem-

294 2608 397 2680 perata
417 2599 584 2658 admonitio
605 2599 706 2657 amici.
748 2596 858 2656 Animo
874 2599 1003 2676 legentis
1018 2601 1167 2660 rationem
1189 2605 1363 2680 excogitan·

272 2681 365 2763 ‘dein
386 2703 551 2784 relinquit:
571 2704 723 2762 amicitiae
741 2703 862 2763 laudem
882 2706 1034 2763 eontinet:
1058 2715 1087 2764 et
1108 2716 1210 2767 tamen
1231 2712 1365 2788 speeiem

294 2809 448 2890 quandam
479 2810 570 2868 habet
594 2809 824 2885 obiurgationis.
887 2810 977 2883 Quasi
1008 2811 1132 2872 aculeus
1163 2825 1207 2872 est
1238 2817 1271 2874 iu
1301 2816 1365 2875 fine

293 2915 457 2993 epistolae,
485 2932 578 2993 quem
606 2923 706 2971 tamen
734 2915 849 2971 asniaus
881 2932 952 2972 eam
979 2933 1070 2974 seusa
1095 2917 1261 2996 voluptatis
1279 2921 1361 2979 reai-

292 3022 367 3098 piat.
394 3019 437 3079 cf.
467 3039 512 3096 ep.
544 3017 592 3076 Ill.
619 3015 649 3098 5.
680 3018 708 3076 5.
731 3015 773 3095 [h.
799 3016 852 3078 Ed.
880 3017 943 3078 Vll.
965 3016 993 3099 5
1021 3019 1049 3078 3.
1096 3020 1188 3100 Tarpa
1213 3021 1272 3080 tibi
1303 3024 1361 3081 erit

295 3121 454 3181 Patiscum
484 3119 610 3180 Curieai
638 3121 735 3180 desem
756 3122 918 3202 pantheras
947 3124 1084 3200 misisse,
1112 3136 1139 3184 ta
1168 3146 1229 3185 aaa
1260 3127 1362 3187 multis

286 3227 427 3308 partibas
451 3225 575 3307 plures]
617 3225 653 3285 Et
678 3227 717 3286 ad
737 3228 801 3286 Iliv.
823 3227 886 3285 Vll.
907 3225 956 3285 24.
979 3227 1094 3306 [Ciaer'o
1115 3231 1154 3290 ad
1174 3232 1211 3290 Μ.
1232 3231 1358 3292 Fabium

292 3333 430 3393 Gallum:
462 3331 600 3393 Cataaem
623 3344 705 3392 tuum
731 3334 808 3392 milti
833 3335 935 3391 mitte:
959 3337 1046 3414 sapia
1069 3339 1148 3395 euim
1168 3335 1271 3418 legere.
1312 3337 1359 3397 Me

291 3437 385 3497 adius
402 3455 461 3496 aaa
478 3437 583 3518 legisse
603 3447 686 3518 turpe
706 3440 824 3516 utrique
842 3447 975 3496 uestrum
993 3441 1057 3520 est]
1227 3443 1353 3515 Wusuu.

735 3695 899 3722 ’001Οο-

623 3877 842 3938 uulsa.
896 3880 1031 3936 XIV·

324 4064 404 4149 51.
446 4087 488 4126 aa
518 4069 617 4127 iussa
648 4071 774 4130 risum'
803 4091 919 4130 meum
951 4083 1072 4130 metus
1104 4073 1241 4153 aliqui
1264 4093 1354 4154 per·

244 4227 247 4234 .
285 4173 426 4259 turbat.
467 4173 524 4233 Pro
549 4173 661 4253 aliquis
668 4199 682 4248 ,·
711 4177 852 4255 antique:
880 4186 916 4234 ut
946 4177 976 4235 L.
1009 4177 1073 4236 llll.
1097 4178 1143 4240 18.
1189 4178 1251 4261 Qua
1271 4179 1351 4256 iste,

284 4281 384 4338 mesaia
415 4280 484 4358 qui,
515 4277 674 4338 Caecilius·
689 4279 802 4340 Bassus
829 4294 1000 4362 erumperet.
1246 4285 1352 4346 autur.

321 4419 383 4432 ω
401 4409 463 4432 »-
503 4384 611 4464 Aptius
638 4387 793 4459 videatur,
818 4388 920 4450 loauru
941 4392 1102 4453 verborum
1118 4392 1213 4470 peria.
1234 4400 1262 4452 et
1281 4409 1350 4448 me-
