3012 5182
845 378 886 438 32

418 549 428 574 .

335 609 356 655 r(
371 583 491 673 Quid?
529 586 580 675 si,
617 587 730 680 inquit
760 585 868 674 alius,
904 596 939 654 et
970 586 1087 654 consul
1112 609 1182 655 esse
1208 599 1242 656 et
1268 585 1387 662 eieroi-

277 709 285 726 '
334 725 407 783 tum
432 713 556 784 habero
578 714 668 786 volet
682 711 731 782 ?''
769 713 814 784 ht
835 714 894 783 ille
911 737 1014 808 quam
1027 713 1226 784 clementer:
1254 716 1387 804 «Quint

333 843 360 908 si
396 839 488 910 filius
522 865 617 912 meus
654 842 777 913 fustem
812 842 895 912 mihi
918 841 1104 935 impingere
1128 841 1218 914 volet
1231 815 1280 913 i’'
1331 848 1388 917 His

334 967 488 1057 vocibus,
524 980 562 1038 ut
596 971 824 1042 existimarent
848 969 1001 1040 homines
1023 968 1182 1064 Pompeio
1204 995 1284 1044 cum
1308 975 1387 1046 Cae·

332 1121 405 1168 sare
439 1121 510 1168 esse
544 1100 741 1192 negotium,
779 1098 901 1170 effecit.
950 1095 1180 1194 Itaqueiam,
1207 1112 1246 1170 ut
1269 1101 1386 1193 video,

332 1224 472 1294 alteram
498 1236 630 1296 utram¹
667 1228 710 1299 ad
734 1230 961 1300 conditionem
986 1227 1188 1299 descendere
1211 1231 1287 1300 vult
1309 1231 1387 1302 Cae·

333 1375 409 1441 sar,
445 1365 484 1422 ut
518 1366 577 1423 aut
612 1370 746 1428 maneat
777 1381 889 1451 neque
922 1355 986 1426 boo
1008 1379 1096 1426 anno
1118 1366 1201 1426 sua²
1221 1360 1307 1430 ratio
1327 1359 1387 1430 ha·

332 1481 477 1571 beatur,
500 1495 582 1574 aut,
605 1487 633 1556 si
658 1486 824 1580 designari
857 1485 1001 1579 poterit,
1026 1483 1179 1554 decedat.
1230 1485 1330 1556 Curio
1352 1509 1388 1556 se

332 1623 448 1680 contra
472 1636 551 1681 eum
578 1623 687 1681 toturn
712 1624 829 1705 parat:
855 1612 939 1705 quid
961 1613 1091 1707 assequi
1115 1613 1240 1705 possit,
1264 1615 1385 1686 nescio.

332 1738 432 1811 Illud
458 1741 557 1812 video
570 1749 594 1831 ³,
628 1741 716 1812 bene
749 1744 975 1829 sentientem,
1012 1741 1074 1810 etsi
1109 1741 1195 1812 nihil
1219 1741 1385 1833 effecerit,

332 1870 451 1941 cadero
473 1894 541 1941 non
565 1894 672 1965 posse.

339 2015 342 2024 ¹
381 1997 437 2070 10.
488 2000 542 2070 Me
588 2012 711 2071 tractat
758 1998 945 2098 liberaliter
979 1997 1107 2069 Curio*
1142 2008 1176 2066 et
1208 1997 1292 2067 mihi
1328 2023 1385 2068 suo

328 2152 470 2199 munere
502 2129 676 2220 negotium
696 2129 870 2222 imposuit.
918 2127 1003 2196 Nam
1026 2126 1053 2194 si
1077 2123 1161 2194 mihi
1181 2147 1249 2194 non
1274 2124 1384 2194 dedis·

329 2268 381 2327 set
402 2280 481 2346 eaS,
515 2278 603 2350 quae
626 2255 670 2325 ad
696 2255 794 2325 ludos
816 2256 847 2325 ei
873 2255 1031 2325 advectae
1053 2261 1149 2323 erant
1172 2249 1347 2322 Africanae
1360 2269 1385 2341 ⁵,

328 2386 443 2480 potuit
477 2381 688 2476 supersederi
701 2391 725 2451 ⁰.
775 2383 896 2470 Nunc,
932 2382 1117 2476 quoniam⁷
1153 2378 1233 2448 dare
1254 2404 1385 2452 necesse

329 2523 401 2601 est,
434 2510 536 2581 velim
569 2509 632 2579 tibi
664 2533 765 2580 curae
798 2510 865 2601 sit,
904 2510 996 2605 quod
1020 2535 1039 2578 a
1065 2520 1099 2578 to
1122 2531 1255 2602 semper
1277 2512 1384 2606 petii,

327 2652 368 2710 ut
415 2639 545 2733 aliquid
592 2641 690 2710 istinc
738 2639 921 2711 bestiarum
960 2640 1163 2711 habeamus:
1198 2638 1387 2710 Sittianam·

327 2782 421 2864 que⁸
470 2769 693 2865 syngrapham
738 2769 802 2840 tibi
835 2771 1044 2841 commendo.
1101 2767 1278 2838 Libertum
1310 2767 1387 2838 Phi-

327 2898 438 2969 lonem
473 2899 584 2968 istuo⁹
623 2898 698 2968 misi
722 2911 767 2992 'et
795 2897 978 2992 Diogenem
1015 2897 1181 2968 Graecum
1195 2904 1235 2986 ¹⁰,
1260 2898 1385 2992 quibus

256 3081 258 3085 ,
327 3025 484 3095 mandata
519 3038 554 3094 et
588 3026 702 3096 literas
727 3027 771 3096 ad
794 3038 828 3096 te
852 3026 943 3096 dedi.
994 3025 1055 3096 Eos
1078 3024 1143 3095 tibi
1165 3038 1200 3096 et
1221 3051 1316 3116 rem,
1342 3028 1385 3098 de

327 3177 395 3246 qua
429 3153 527 3240 misi,
553 3153 655 3223 velim
691 3177 792 3223 curae
825 3153 958 3222 habeas.
1010 3153 1118 3244 Nam,
1152 3179 1255 3250 quam
1287 3158 1385 3229 rehe-
1480 3139 1481 3154 .

326 3293 459 3352 menter
470 3281 512 3351 ad
536 3303 591 3350 rne
602 3280 790 3374 pertineat,
816 3280 934 3369 iniis,
959 3303 1042 3374 quas
1061 3281 1124 3350 tibi
1148 3283 1198 3352 illi
1224 3285 1387 3377 reddent,
1479 3277 1480 3280 ¹

326 3411 433 3482 literis
456 3409 629 3503 descripsi.

323 3566 579 3583 ψ

373 3645 412 3713 (1)
432 3643 475 3695 Sic
490 3643 541 3694 hid.
555 3639 639 3714 Neap.
653 3642 723 3697 vta.
739 3646 753 3695 1
772 3653 797 3695 et
812 3638 837 3695 2'.
857 3643 949 3697 Graes.
966 3645 1107 3696 bened:
1121 3650 1278 3703 alterutram
1295 3656 1384 3722 Antiq.

325 3731 396 3788 Grat.
413 3732 503 3786 hamb.
520 3733 583 3783 Ern.
598 3733 659 3784 Soh.
697 3735 736 3802 (2)
756 3734 799 3786 Sio
814 3733 866 3784 tid.
883 3734 945 3786 Bru.
963 3735 1151 3788 banea—sui
1167 3738 1262 3792 Ceteri.
1299 3743 1384 3811 (3)-

324 3826 396 3878 vides
412 3823 481 3876 Crat.
518 3823 663 3892 (t)-del.
684 3826 764 3877 Curio
780 3821 871 3875 Lunb.
907 3825 1148 3894 (5)-·Asrioanas
1165 3831 1257 3881 Lamb.
1292 3833 1332 3901 (6)
1350 3863 1385 3874 -

324 3915 485 3984 supersedere
499 3913 549 3963 bid.
565 3911 631 3964 Crat.
670 3915 710 3983 (7)
726 3914 769 3966 Sic
786 3916 884 3985 scripsi.
897 3943 930 3954 -
946 3931 998 3981 quo
1012 3932 1072 3965 oum
1080 3916 1176 3970 lineola
1192 3921 1243 3971 Md.
1255 3952 1290 3961 -
1304 3940 1384 3989 quom

326 4006 395 4057 vict.
410 4006 434 4056 2.
451 4035 486 4044 -
501 4021 582 4071 quum
601 4003 667 4056 vict.
685 4007 710 4056 1.
728 4007 822 4056 Graes.
840 4006 1092 4070 bened-quando
1106 4008 1188 4080 Neap.
1208 4013 1297 4079 Antiq.
1316 4012 1386 4063 Crat.

324 4092 569 4148 Lamb.hrn.Sob.
609 4093 648 4161 (8)
668 4125 702 4134 —-
722 4095 853 4145 Sitianom
871 4095 919 4162 (sic
933 4095 1046 4162 semper)
1062 4113 1163 4165 quoque
1177 4100 1267 4154 Larnb.
1297 4103 1337 4172 (9)
1355 4123 1385 4149 ·-

323 4189 387 4236 istoc
403 4185 453 4237 bid.
474 4183 531 4252 (10)
549 4201 584 4234 ω
601 4182 652 4234 del.
673 4186 803 4236 Graecum
815 4183 848 4234 de
864 4183 978 4235 Weiskii
994 4201 1064 4254 susp.
1077 4188 1137 4240 Soh.

761 4426 954 4456 '‘CO-
