3034 5166
808 341 870 402 112

308 565 427 610 caesus:
445 550 567 608 interim
585 549 650 605 sine
670 555 809 624 respectu
826 549 972 626 pudoris,
993 557 1027 608 ut
1043 553 1077 609 iu
1095 551 1149 610 illa
1164 553 1280 632 pyxide
1300 552 1383 614 Goe-

307 653 407 729 liano,
427 653 511 732 quod
528 671 627 731 neque
646 653 773 723 oratori,
789 671 890 729 neque
909 651 966 711 ulli
984 653 1049 712 viro
1069 656 1154 732 gravi
1172 658 1344 722 conveniat.

345 755 389 840 (L.
411 757 459 814 VI.
480 775 509 813 c.
529 755 558 816 3.
578 754 608 835 5
629 753 692 835 69.)
732 753 835 812 Cicero
869 773 923 831 per
945 754 1123 833 allegoriam
1152 757 1189 816 bl.
1219 759 1371 834 Coelium,

304 859 415 918 melius
434 858 629 918 obiicientem
648 857 793 932 crimina,
810 876 903 934 qnam
917 857 1154 932 defendentem,
1171 859 1287 921 Boream
1307 864 1381 932 dea-

305 972 398 1034 tram,
419 961 529 1019 molem
548 961 703 1018 cinianum
723 959 828 1017 bebere
848 960 978 1019 dicebat.

343 1064 387 1146 (L.
408 1065 441 1123 X.
463 1083 490 1122 c.
512 1063 538 1122 1.
559 1062 590 1143 5
613 1060 694 1142 115.)
735 1062 865 1122 llultum
883 1064 1000 1141 ingenii
1017 1067 1051 1124 in
1071 1065 1190 1141 Coelio,
1212 1077 1243 1126 et
1257 1073 1378 1146 prason

304 1187 365 1246 pue
390 1170 424 1226 in
452 1166 622 1227 accusando
649 1166 747 1224 multa
767 1166 943 1242 urbanitas,
968 1155 1144 1248 dignusque
1171 1171 1238 1244 vir,
1264 1174 1317 1230 cui
1342 1183 1377 1232 et

302 1289 389 1330 mene
405 1271 515 1330 melior
533 1278 564 1328 et
581 1270 642 1327 rita
661 1268 782 1346 longior
800 1271 986 1348 contigisset.

342 1373 387 1456 (L.
408 1375 442 1434 X.
463 1393 490 1433 c.
511 1372 539 1432 2.
559 1370 590 1453 5.
611 1370 674 1451 26.)
715 1371 774 1432 sed
798 1392 859 1432 non
884 1374 939 1453 qui
968 1375 1099 1433 maxime
1127 1376 1314 1449 imitandus,
1343 1388 1379 1438 et

303 1477 386 1539 solus
402 1476 570 1534 imitandus
590 1485 644 1534 est.
686 1475 766 1549 Quid
782 1477 879 1554 ergo?
900 1495 963 1536 non
983 1486 1028 1536 est
1049 1479 1122 1536 satis
1139 1480 1241 1538 omnia
1259 1481 1305 1540 sic
1325 1481 1379 1540 di·

302 1599 389 1654 cere,
407 1576 560 1656 quomodo
579 1575 695 1635 blarcus
710 1577 825 1636 Tullius
845 1577 947 1637 dixit?
989 1578 1062 1637 nihi
1079 1581 1206 1658 quidem
1233 1585 1307 1642 satis
1327 1603 1374 1646 es·

302 1691 365 1754 set,
384 1683 408 1740 si
424 1679 526 1742 omnia
534 1681 679 1757 consequi
695 1697 823 1757 possem.
865 1679 945 1753 Quid
955 1689 1057 1740 tamen
1068 1693 1206 1758 noceret,
1221 1685 1285 1744 vim
1301 1686 1377 1746 Cae·

301 1787 396 1858 saris,
411 1784 604 1862 asperitatem
616 1779 733 1853 Caelii,
751 1781 943 1860 diligentiam
961 1784 1121 1858 Pollionis,
1143 1787 1296 1848 iudicium
1307 1789 1375 1850 uat-

300 1890 351 1962 ri,
372 1886 556 1967 quibusdam
578 1885 611 1943 in
633 1884 708 1944 locis
728 1887 905 1945 assumere?

340 1992 384 2074 (L.
405 1991 471 2051 ΧΠ.
492 2009 519 2048 c.
543 1986 591 2048 10.
610 1986 641 2069 5.
664 1985 724 2068 11.)
765 1988 841 2047 'lum
868 1988 980 2048 deinde
1010 1991 1176 2050 efflorescat
1203 2011 1265 2052 nou
1293 1998 1376 2056 mul·

299 2106 368 2156 tum
388 2097 468 2154 inter
488 2111 519 2150 se
538 2091 718 2150 distantium
740 2099 876 2166 tempore
894 2098 1049 2150 oratorum
1067 2094 1175 2172 ingene
1192 2107 1375 2174 proventus.

301 2201 359 2258 llic
376 2199 439 2257 rim
457 2195 606 2267 Caesaris,
625 2192 760 2252 indolem
781 2192 893 2268 (icelii,
917 2194 1119 2256 subtilitatem
1138 2198 1268 2273 Calidii,
1295 2201 1376 2262 dili-

300 2302 433 2380 gentiam
448 2296 609 2366 Pollionis,
628 2294 808 2372 dignitatern
824 2295 979 2373 Messalae,
990 2300 1181 2360 sanctitatem
1192 2302 1275 2362 Calvi
1284 2347 1293 2378 ,
1304 2323 1375 2382 gra·

300 2406 427 2464 vitatem
460 2399 564 2476 Bruti,
595 2417 725 2457 acumen
751 2398 898 2476 Sulpicii,
927 2401 1124 2462 acerbitatem
1156 2403 1250 2464 Cassii
1279 2427 1374 2486 repe-

295 2509 420 2567 riemus.
706 2563 709 2572 .

337 2607 382 2690 (L.
403 2608 468 2668 llll.
489 2627 515 2667 c.
540 2605 586 2666 11.
606 2605 636 2688 5.
658 2606 701 2688 6.)
741 2609 835 2666 Nemo
853 2608 953 2668 minui
975 2609 1048 2668 velit
1069 2609 1121 2685 id,
1140 2611 1171 2669 in
1193 2631 1256 2692 quo
1274 2617 1375 2675 maxi·

297 2733 367 2774 mus
383 2713 454 2772 tuit.
496 2712 576 2786 Quid
586 2703 676 2791 porro
687 2720 732 2770 est
741 2713 915 2782 honestius,
927 2732 1019 2790 quam
1037 2713 1146 2774 dooere
1158 2715 1242 2795 quod
1254 2720 1374 2795 optime

295 2819 397 2882 scias?
429 2817 477 2877 Sic
496 2817 534 2876 ad
550 2836 582 2876 se
600 2816 738 2875 Coelium·
751 2815 919 2874 deductum
940 2835 957 2873 a
974 2824 1059 2894 patre
1076 2817 1180 2876 Cicero
1189 2819 1372 2897 profitetur:

296 2925 340 2981 sic
358 2922 502 2996 Pansam,
523 2921 672 2993 Hirtium,
693 2920 881 2981 Dolabellam
898 2921 932 2978 in
953 2937 1068 2979 morem
1086 2925 1292 3002 praeceptoris
1312 2945 1371 2988 ex.

296 3027 395 3084 ercuit
414 3023 553 3103 quotidie
573 3023 678 3081 dicens
698 3022 894 3102 audiensque.

416 3184 497 3244 Coun.
520 3185 650 3260 Tncrms,
677 3182 799 3265 Dialog.
821 3185 856 3243 de
879 3183 1053 3245 Oratoribus
1074 3205 1100 3246 e.
1124 3185 1171 3247 17.
1193 3207 1260 3268 sqq.

334 3356 392 3417 Sed
403 3365 522 3415 transeo
533 3353 710 3429 adLntiuos
729 3364 863 3416 oratores
873 3399 882 3431 ,
903 3357 935 3414 in
957 3357 1070 3434 quibus
1088 3377 1150 3418 nou
1171 3359 1365 3440 lleneniunr,

294 3471 330 3521 ut
356 3469 449 3539 puto,
476 3457 662 3535 Agrippam,
689 3460 743 3535 qui
774 3467 874 3536 potest
893 3458 990 3517 videri
1008 3464 1168 3541 antiquus,
1188 3475 1366 3530 nostrorum

294 3574 465 3641 temporum
495 3559 617 3617 disertis
643 3569 825 3638 anteponere
842 3562 962 3636 soletis,
980 3563 1033 3621 sed
1052 3563 1226 3626 Ciceronem
1245 3578 1275 3628 et
1294 3571 1366 3632 Gae-

206 3673 212 3692 '
294 3685 392 3725 sarem
410 3672 441 3723 et
460 3662 596 3720 Coelium
618 3671 648 3721 et
666 3662 791 3721 Calvum
808 3673 840 3722 et
858 3665 987 3724 Brutum
1006 3675 1036 3726 et
1053 3667 1191 3728 Asinium
1204 3680 1234 3730 et
1252 3672 1366 3737 nessa-

293 3772 374 3840 lam,
395 3785 471 3846 quos
484 3767 609 3848 quidem
627 3784 684 3824 cur
704 3768 839 3846 antiquis
859 3769 1045 3847 temporibus
1063 3774 1165 3849 potius
1181 3774 1366 3840 adscribatis

286 3892 384 3956 ¹quam
404 3872 540 3945 nostris,¹
553 3889 613 3928 non
631 3868 727 3928 video.

330 3974 368 4057 (c.
394 3973 454 4055 18.)
493 3975 570 4033 llaec
588 3974 657 4033 ideo
674 3975 829 4052 praedixi,
845 3984 881 4033 ut
898 3977 923 4032 si
944 3995 1005 4053 qua
1022 3996 1058 4035 ex
1075 3978 1186 4038 borum
1204 3992 1364 4047 oratorum

284 4083 371 4142 fama
391 4079 548 4157 gloriaque
565 4078 633 4137 laun
648 4079 836 4158 temporibus
854 4080 1041 4157 acquiritur,
1062 4083 1199 4142 eamdem
1216 4083 1363 4156 docerem

292 4188 324 4246 in
339 4182 453 4243 medio
476 4181 564 4240 sitam
583 4189 613 4241 el
633 4183 805 4261 propiorem
822 4182 910 4241 nobis
937 4201 1031 4263 quam
1049 4185 1110 4244 Ser.
1129 4188 1260 4261 Galbae,
1288 4189 1364 4252 Caio

288 4287 433 4358 ,Garban
460 4303 596 4365 quosque
627 4285 702 4345 alios
734 4286 843 4347 meritc
864 4285 1004 4368 antiquos
1027 4289 1244 4352 vocaverimus.
1287 4305 1365 4354 sunt

637 5075 656 5138 ·.
750 4859 904 5166 ἢ
