3034 5166
644 368 703 426 lll

136 573 265 634 difficile
287 579 350 631 erat
370 571 419 629 illi
438 572 470 628 in
492 572 635 648 copulam
651 573 808 652 coniecto,
828 573 926 631 rixam
946 574 1029 647 eine,
1057 593 1128 636 cum
1145 594 1207 654 quo

137 675 302 745 haerebat,
334 673 476 752 effugere·
518 667 674 752 Optimum
687 653 864 750 iudicavit,
888 671 1042 752 quidquid
1062 676 1207 748 dixiaaet,

136 779 246 857 aequi,
274 787 304 836 et
317 765 482 836 ‘secundas
510 796 608 854 agere.
650 777 714 835 Non
746 776 818 836 tulit
838 776 957 837 Coelius
974 781 1207 849 assentientem,

136 863 192 942 aed
207 881 408 940 exclamavit:
448 865 509 938 Dte
530 880 649 957 aliquid
667 889 791 954 eontra,
808 889 842 937 rrt
862 879 920 937 duo
940 883 1042 941 rimor.
1075 880 1133 940 Sed
1151 881 1206 940 ille

135 1003 280 1065 quoqne,
307 983 390 1062 quod
408 990 479 1043 *non
506 965 688 1043 irasceretur
715 986 828 1056 iratur,
855 985 916 1048 cito
941 985 1008 1043 eine
1033 982 1206 1052 adversario

135 1087 238 1146 (leniit.
662 1135 665 1154 ,
807 1085 809 1090 ’
892 1090 898 1098 “

313 1225 344 1285 (2.
366 1225 492 1296 Punica,
514 1223 593 1286 Hirt.
615 1223 684 1286 Not.
705 1226 737 1287 L.
761 1225 816 1286 Vll.
837 1245 864 1285 c.
886 1223 936 1285 49.
957 1223 1032 1306 (50.)

175 1367 206 1426 G.
234 1365 345 1440 llario,
372 1364 424 1425 (ln.
452 1365 586 1424 Carbone
610 1365 666 1425 Ill.
694 1385 768 1426 coar.
800 1387 826 1426 a.
850 1367 881 1425 d.
908 1368 1053 1444 quintum
1075 1367 1204 1428 Kalend.

133 1471 252 1541 Iuniae,
286 1468 321 1528 ll.
342 1468 491 1556 Caeciliae
512 1466 557 1550 (l)
586 1468 686 1528 Ruina
714 1480 745 1530 at
770 1471 799 1530 c.
817 1471 953 1530 Licinius
970 1471 1080 1530 Calvus
1098 1471 1204 1532 cedem

133 1572 185 1632 die
208 1573 306 1649 geniti
334 1580 422 1646 aunt5
455 1580 585 1631 oratores
616 1571 741 1650 quidem
773 1574 882 1650 ambo,
908 1572 961 1634 aed
983 1583 1085 1632 tamen
1102 1574 1203 1654 dipari

134 1684 247 1736 eventu
257 1672 312 1756 (2)
410 1735 426 1748 k

171 1777 217 1858 (L.
237 1777 350 1836 xxvu.
371 1795 399 1835 c.
419 1775 463 1857 2.)
504 1777 627 1838 Constat
648 1781 785 1838 omnium
812 1798 998 1838 venenorum
1019 1781 1203 1857 ocyeaimum

133 1899 198 1939 enee
227 1880 391 1939 Aoonitnrn
403 1904 423 1964 ².
442 1889 473 1938 et
492 1883 579 1946 tactio
604 1901 728 1963 quoqne
746 1883 931 1960 genitalibus
951 1881 1094 1940 feminini
1113 1901 1202 1942 rexne

131 1983 314 2044 animalium
342 1983 449 2042 eodem
478 1984 529 2042 die
552 1983 666 2044 inferro
694 1993 830 2043 mortem.
872 1985 933 2044 lloc
953 1984 1014 2043 fuit
1034 2004 1203 2059 vencnum,

131 2107 195 2167 qno
213 2089 393 2146 interemtae
411 2087 594 2152 dormientes
613 2107 630 2146 a
648 2087 811 2166 Calpurnio
830 2087 929 2147 Reatia
949 2108 1059 2148 uxorea
1075 2089 1112 2150 bl.
1132 2089 1202 2150 Cne-

130 2193 224 2252 cilioa
254 2199 412 2252 accurator
436 2191 558 2250 obiecit.
598 2191 676 2250 ilinc
700 2190 755 2250 illa
783 2198 869 2250 atrox
898 2193 1051 2269 peroratio
1075 2194 1142 2253 ciue
1167 2193 1203 2253 in

129 2296 278 2376 digitum.

202 2467 238 2526 ll.
261 2467 323 2525 Fir.
344 2467 563 2539 Qnmcrrunrnr,
585 2462 686 2522 Inrtit.
710 2462 825 2522 Orator.
846 2465 877 2522 L.
899 2464 923 2523 1.
944 2483 972 2524 c.
994 2464 1023 2526 6.
1043 2466 1073 2547 5.
1096 2465 1146 2528 29.

169 2639 359 2719 Ltpmologia
385 2635 477 2697 habet
505 2636 672 2716 aliqnando
704 2656 794 2697 naum
828 2640 1052 2715 neceaaarium,
1083 2641 1203 2718 quoties

128 2745 382 2824 interpretatione
399 2759 465 2817 reo,
485 2739 524 2798 de
540 2759 602 2819 qua
622 2742 803 2821 quaeritur,
817 2750 900 2820 eget:
917 2750 954 2801 nt
972 2760 1045 2802 cnm
1067 2741 1105 2803 Μ.
1127 2743 1202 2804 Coe-

128 2851 193 2909 line
212 2867 244 2907 ee
258 2866 322 2906 aeae
337 2847 493 2905 hominem
507 2844 591 2923 frugi
609 2845 676 2904 vult
696 2846 843 2923 probare,
873 2866 934 2907 non
956 2847 1029 2925 qnia
1047 2845 1201 2904 abstinent

127 2955 171 3013 ait
183 2951 269 3033 (nam
287 2950 322 3008 id
337 2969 376 3008 ne
397 2949 521 3008 mentiri
541 2948 666 3028 quidem
682 2946 813 3029 poterat)
833 2950 886 3009 aed
897 2949 1067 3028 quinutilia
1078 2949 1202 3025 multia,

127 3056 164 3116 id
184 3064 248 3127 eat,
266 3055 460 3130 fructuosus,
476 3052 560 3112 unde
577 3053 616 3111 eit
633 3052 716 3112 dieta
726 3052 908 3134 srrrgolitor.

171 3157 218 3240 (L.
238 3158 285 3216 Vl.
306 3176 333 3216 c.
354 3157 383 3216 3.
403 3156 433 3237 5.
455 3153 518 3238 25.)
559 3156 649 3217 Facto
677 3157 757 3216 rinna
781 3159 983 3229 conciliatur,
1007 3157 1132 3216 interim
1152 3155 1203 3215 nd·

126 3263 227 3322 mixta
247 3261 410 3339 gravitate:
434 3267 468 3317 ut
488 3257 604 3318 Marcus
621 3259 742 3318 Coelius
760 3268 897 3338 praetor,
919 3277 991 3317 curn
1009 3259 1116 3317 sellam
1135 3259 1201 3317 eiua

125 3365 270 3426 curulem
293 3364 401 3424 conoul
429 3363 582 3423 laauricue
610 3362 769 3441 fregisset,
783 3331 909 3422 alt'cram
929 3361 1033 3440 poenit
1050 3360 1123 3419 loris
1144 3362 1196 3419 in-

125 3476 263 3545 tentam5
290 3467 450 3526 dicebatur
474 3476 575 3525 autem
605 3466 713 3525 conoul
744 3485 760 3525 a
792 3474 877 3545 patre
906 3464 1011 3542 flagris
1035 3463 1201 3542 aliquando

160 3695 203 3759 (1)
241 3693 355 3760 Utroque
368 3693 424 3744 loeo
440 3693 625 3744 scribendum:
646 3696 686 3746 M.
705 3695 814 3746 Cutina.
850 3694 937 3745 Priore
957 3693 1067 3761 quidem
1089 3695 1126 3744 sic
1145 3711 1206 3746 cor—

123 3781 269 3849 rigendum
291 3780 390 3832 rideret
408 3780 515 3832 Colerus
532 3782 564 3832 nd
581 3781 665 3833 Valer.
682 3783 747 3833 linx.
763 3782 809 3834 IV.
828 3784 853 3834 2.
869 3783 915 3846 7.,
938 3782 1027 3850 quod,
1044 3791 1073 3832 ut
1086 3794 1206 3834 sexcenta

123 3870 195 3932 elin,
212 3868 376 3920 llarduinum
396 3870 472 3936 fugit.
498 3869 662 3921 Roarrrrros
677 3869 709 3920 ad
722 3871 792 3921 Vell.
808 3871 905 3922 Patere.
922 3872 953 3923 L.
973 3871 1007 3922 11.
1021 3888 1044 3922 c.
1058 3871 1101 3921 68.
1109 3889 1136 3940 p.
1145 3871 1205 3923 297.

161 3957 204 4026 (2)
237 3956 317 4007 Plinii
340 3956 433 4006 rerba:
461 3957 561 4024 dispari
578 3962 670 4008 eventu
687 3958 778 4008 malim
793 3959 885 4009 referri
898 3959 930 4008 nd
945 3958 1047 4009 diversa
1061 3959 1156 4010 iudicia
1172 3957 1205 4010 de

121 4048 234 4098 oratorie
250 4047 384 4112 utriusque
403 4046 539 4109 facultate,
559 4065 637 4115 quarn
652 4047 683 4097 ad
702 4047 788 4114 disper
803 4047 870 4097 ritae
886 4049 1029 4114 mortisque
1037 4064 1134 4114 genua,
1150 4047 1205 4099 rid.

120 4137 213 4204 lntpp.
237 4135 270 4184 ad
290 4133 340 4185 lul.
367 4134 441 4185 Caes.
462 4133 609 4187 Commeat.
630 4137 661 4187 de
688 4137 716 4186 B.
738 4134 796 4187 civ.
819 4153 842 4186 c.
867 4135 900 4186 22
922 4135 1204 4189 coronemini.

120 4223 207 4278 XLII.
224 4241 246 4274 c.
260 4223 302 4274 25.
338 4223 483 4276 Wrrcarer
501 4224 530 4274 dr
549 4226 577 4274 0.
594 4226 696 4276 Licinio
716 4225 795 4275 Calvo
805 4229 885 4292 poeta
899 4224 925 4289 5.
940 4225 965 4276 2.
983 4225 1039 4294 (ine
1058 4226 1203 4280 Portarum

119 4314 287 4418 Latinorum
303 4311 382 4365 Vitae
398 4318 423 4363 rt
439 4313 585 4364 carminum
603 4315 740 4388 Reliquiae
755 4332 782 4382 p.
800 4313 843 4365 90.
861 4332 887 4364 n.
905 4313 943 4382 1.)
