2978 5186
749 341 891 429 'sm

330 574 492 636 Catonibus
515 584 546 636 et
572 575 703 634 Sisennia
728 574 1005 634 annumerabimus.
1047 574 1157 636 Verum
1190 576 1327 653 Caelina,
1355 587 1386 637 ut

328 680 388 740 fuit
409 681 499 740 homo
516 679 664 740 versatilia
681 687 710 738 et
729 681 921 756 Ingeniosus,
939 680 981 738 ita
991 697 1178 752 sermonem,
1199 699 1379 762 quocunque

283 853 284 858 η
328 795 446 866 raperet
471 787 675 846 accusatorius
704 786 836 862 impetus
856 793 886 842 et
906 783 1016 843 effrena
1034 783 1150 860 libido,
1171 786 1257 845 nulla
1274 787 1383 846 ratione

327 890 444 950 sinebat
464 891 600 950 exultare
618 900 649 948 st
664 889 869 949 notationibus
899 907 1019 947 morum
1040 888 1213 949 illustribus
1231 910 1383 970 exaspera—

246 971 248 978 *
324 995 386 1055 bat.
427 996 597 1055 Orationem
615 985 710 1072 ipitur
727 993 862 1052 hiulcam
889 1002 918 1058 et
935 991 1142 1070 confragosam
1170 994 1260 1053 dictis
1288 1015 1379 1055 renu-

324 1101 399 1170 stis,
425 1102 457 1157 in
485 1099 598 1178 quibua
625 1099 752 1157 multam
782 1099 984 1157 urbanitatem
1002 1100 1136 1177 agnoscit
1161 1099 1380 1176 Quintilianus,
1461 1091 1462 1102 ¹

324 1203 504 1283 plerumque
521 1203 718 1278 distinxerat,
732 1222 810 1282 quae
830 1221 901 1261 cnm
919 1202 1020 1261 sordes
1048 1203 1179 1262 convicii
1199 1203 1333 1284 vulgaris
1352 1215 1378 1266 et

323 1306 469 1368 formulas
490 1311 647 1368 inusitatae
664 1309 789 1366 rniuime
806 1307 1021 1386 repudiarent,
1040 1307 1175 1386 profecto
1192 1309 1259 1382 fieri
1278 1310 1379 1370 debuit

323 1424 358 1471 ut
383 1413 524 1491 plurimis
554 1415 587 1471 in
615 1411 751 1491 partibus
772 1411 927 1470 Caelianae
946 1412 1088 1471 dictionis
1102 1412 1185 1472 color
1200 1413 1338 1491 plebeius
1354 1425 1379 1475 et

321 1517 503 1597 antiquitate
518 1517 629 1595 plenus
647 1517 817 1576 haberetur.
859 1515 894 1574 Id
913 1516 1017 1594 colligi
1036 1517 1108 1576 licet
1125 1536 1161 1576 ex
1178 1518 1263 1577 illius
1275 1521 1376 1580 inven-

323 1623 360 1679 tis
390 1621 572 1702 quibusdam
598 1640 669 1679 sane
696 1609 873 1700 [rraeclnrim
902 1635 935 1680 ut
956 1641 1026 1680 curn
1045 1621 1175 1681 Plotium
1194 1620 1326 1705 (Seston.
1343 1626 1375 1684 de

321 1725 393 1785 clar.
418 1725 508 1785 rhctt.
536 1723 578 1806 2.)
602 1725 761 1805 descripsit
791 1725 978 1784 larderarium
1008 1726 1164 1799 rhetorem,
1195 1728 1373 1806 impudicam

319 1829 479 1889 mullerem
508 1827 645 1910 (Quintil.
672 1830 751 1889 VIII.
778 1829 805 1890 6.
833 1829 895 1912 53.)
922 1829 1166 1910 quadrantariam
1195 1828 1369 1910 Clytaemne-

319 1944 429 2007 stram,
447 1937 519 1994 item
544 1933 600 2016 (ib.
619 1936 639 1993 l.
661 1937 689 1994 5.
707 1933 769 2016 61.)
785 1921 873 1993 Pelia
892 1936 1099 2013 aiacimmntae,
1120 1935 1189 2009 vel,
1210 1937 1292 2016 quod
1307 1937 1363 1996 llio·

318 2039 419 2100 medes
436 2042 584 2112 servavit,
605 2041 736 2098 oscitans
755 2039 927 2118 dictamque
947 2049 1036 2098 astas.

485 2183 526 2244 Io.
547 2182 622 2244 Cssr.
643 2186 789 2260 Oasnsms,
814 2183 1020 2242 Onomastr'con
1047 2181 1214 2241 Tullianam

665 2269 1027 2368 empnama

355 2429 448 2490 Caelii
468 2429 622 2509 Epistulae·
634 2433 809 2510 superstites
830 2429 919 2488 XVII.
938 2430 1127 2489 constituunt
1146 2430 1270 2490 Librum
1295 2430 1360 2488 VIII.

315 2533 388 2615 Epp.
406 2536 444 2594 ad
461 2536 564 2596 Famil.
585 2556 619 2596 ac
636 2546 759 2616 propter
777 2535 910 2595 facetam
929 2543 959 2592 et
975 2535 1180 2612 lteruibnuum
1205 2553 1360 2594 sennonem

315 2649 382 2720 post
402 2641 554 2700 Tullianae
574 2644 653 2702 inter
670 2643 790 2720 Latinas
810 2661 892 2700 nunc
913 2649 1048 2700 extantes
1069 2640 1223 2700 excellunt
1234 2685 1242 2714 ,
1261 2640 1360 2699 Plinia-

313 2747 361 2804 nis
376 2756 458 2806 certe
479 2747 618 2806 omnibus
635 2747 772 2826 partibus
790 2745 1013 2826 praeferendae.
1055 2746 1197 2824 lniquius
1213 2745 1251 2805 de
1267 2747 1302 2804 iis
1317 2746 1359 2804 iu-

314 2851 427 2911 dicavit
444 2851 568 2911 VVeislre
589 2853 621 2910 in
642 2851 716 2910 Clar.
739 2851 799 2909 Vir.
819 2849 893 2930 Epp.
911 2869 940 2927 p.
964 2847 1035 2908 162.

442 2990 505 3052 Can.
527 2991 635 3054 Fsmts.
658 2993 829 3052 bunnense
839 3037 849 3068 ‚
869 2992 980 3050 Armot.
1000 2991 1039 3049 ad
1057 2990 1192 3052 Frontis.
1217 2994 1251 3052 de

507 3095 690 3176 Aquaedtaot.
712 3094 798 3179 (quas
814 3115 886 3156 suae
906 3097 1033 3156 editioni
1053 3097 1181 3156 inseruit

560 3200 594 3260 A.
602 3200 798 3260 Dederichius
805 3246 814 3277 ,
825 3199 958 3259 Vesaliae
970 3198 1069 3282 1841.)
1081 3220 1106 3260 c.
1118 3199 1167 3260 76.

254 3349 256 3354 “
350 3337 386 3398 st.
417 3339 536 3400 Caelius
551 3341 682 3417 Rufus,
707 3344 733 3401 is
761 3343 850 3401 cuius
871 3350 972 3401 extant
989 3343 1119 3421 scriptae
1138 3344 1177 3404 ad
1198 3345 1357 3406 Ciceronem

313 3444 456 3522 epistolae
474 3446 569 3520 XVII,
591 3447 669 3506 liber
689 3447 754 3508 grus
775 3449 855 3506 inter
877 3446 949 3525 lipp.
971 3446 1010 3504 ad
1028 3447 1110 3519 ltin,
1140 3449 1365 3530 incomparabile

312 3548 391 3608 illud
420 3551 635 3629 persingularis
652 3552 768 3628 ingenii
789 3559 1037 3627 monumentum,
1058 3553 1109 3612 sed
1129 3555 1213 3634 quod
1232 3556 1362 3616 criticum

312 3631 434 3733 quoqne
458 3663 488 3712 et
509 3657 703 3734 interpretem
725 3655 807 3713 haud
828 3655 983 3733 vulgarem
1003 3658 1170 3719 etiamnum
1190 3661 1249 3720 sibi
1265 3667 1362 3741 postu-

311 3756 362 3816 lat.
404 3758 564 3836 Ingenium
580 3760 649 3839 plns
671 3779 731 3820 uno
748 3763 870 3822 nomine
889 3761 1027 3822 lavcuali
1048 3766 1211 3842 persimile.
