2978 5186
760 298 769 326 l

598 334 659 394 129
709 348 716 372 ¹

90 548 215 618 propter
245 539 307 596 rim
338 540 414 597 aeris
443 538 535 600 alieni
553 538 742 598 turbulentas
766 538 846 616 leges
872 537 951 598 ferre
979 539 1152 620 tabulisque

89 647 179 704 novis
198 641 392 701 instituendis
403 662 524 720 operam
540 643 611 702 dare
622 646 783 722 coepisset,
804 643 879 702 urbe
896 643 1002 722 pulsus
1019 654 1065 720 et,
1081 665 1152 706 cum

51 738 54 750 ’
91 751 190 808 accito
221 747 329 806 Milone
356 749 479 808 servitia
499 768 554 827 per
573 749 692 808 Italiam
712 751 908 834 concitasset,
926 751 1007 809 circa
1027 749 1154 810 Thurios

89 854 270 914 interfectus
292 863 336 912 est
353 834 467 912 annum
488 873 579 933 agens
601 856 790 914 tricesimum
811 855 955 934 quintum
977 851 1029 934 (l).

131 1063 265 1123 lloribus
291 1061 456 1123 iracundus
478 1073 541 1124 erat
559 1055 603 1123 ad'
616 1065 763 1124 insaniam
780 1061 824 1146 (2)
844 1073 889 1135 et,
910 1082 981 1122 cum
1001 1063 1152 1140 insignem

92 1169 207 1229 formae
233 1167 411 1245 (lignitatem
439 1169 520 1228 foedi
539 1169 675 1229 homines
696 1179 725 1228 et
747 1169 888 1228 mulieres
907 1168 1079 1248 impudicae
1100 1189 1154 1229 ex-

91 1280 244 1352 peterent,
265 1274 360 1350 magis
378 1275 474 1333 seculi
494 1293 586 1354 quam
605 1293 660 1333 sua
680 1274 769 1353 culpa
789 1276 884 1332 vitam
906 1274 987 1332 vitiis
1006 1275 1153 1353 inquina-

92 1388 154 1437 tam
176 1380 239 1454 egit
258 1373 470 1456 (3).l1agnam
489 1380 570 1436 euim
588 1378 746 1456 Catilinam
764 1381 902 1438 assectati
917 1379 1074 1438 infamiam
1091 1397 1155 1438 esse

92 1482 264 1563 oportebat,
291 1501 347 1540 nec
373 1490 488 1542 tantam
516 1480 669 1541 indicibus
695 1484 856 1560 caliginem
884 1485 916 1541 in
943 1503 1032 1543 cansa
1060 1483 1153 1543 Caelii

92 1588 248 1648 offundere
274 1588 374 1665 potuit
398 1585 517 1662 Cicero,
547 1589 622 1667 quin
643 1587 726 1666 quod
746 1607 852 1646 verum
874 1598 950 1648 esset
969 1591 1155 1670 perspicere-

91 1703 149 1754 tur.
193 1693 384 1762 saltatorem,
412 1691 495 1770 quod
522 1711 614 1771 quam
638 1700 727 1770 turpe
754 1690 895 1752 Romanis
915 1695 1089 1754 convicium
1106 1696 1155 1753 vi·
1188 1690 1193 1704 ’

93 1817 160 1857 sum
178 1800 218 1856 sit
233 1799 305 1856 satis
325 1799 436 1872 scitur,
455 1799 640 1876 antiquiores
659 1805 781 1856 secutus
801 1807 888 1856 vocat
905 1798 1073 1858 Macrobius
1090 1797 1153 1880 (4),

91 1923 149 1962 nec
176 1904 361 1962 honestiores
389 1911 461 1961 suut
488 1902 619 1960 feminae
638 1900 904 1961 libidinosissimae
922 1901 1043 1962 Clodiae
1068 1922 1154 1962 amc-

93 2028 138 2068 res
159 2006 219 2090 (5);
242 2009 416 2087 inquinatos
436 2023 534 2064 mores
551 2007 646 2084 ipsius
665 2007 769 2084 paucis
788 2014 917 2084 tangunt
937 2006 999 2066 alii.
1030 2008 1071 2066 lle
1086 2026 1154 2068 aere

93 2115 206 2189 alieno,
227 2112 311 2192 quod
329 2113 485 2172 luxurioso
504 2114 586 2172 vitae
607 2131 735 2189 genere,
756 2109 882 2172 fortasse
903 2113 994 2171 etiam
1014 2112 1153 2172 ambitio-

92 2222 130 2278 sis
150 2216 369 2297 largiticnibus·
385 2217 550 2288 contraxit,
571 2216 714 2276 diximus.
999 2277 1002 2286 ,

131 2325 207 2383 Hinc
244 2323 420 2381 inimicitias
454 2323 589 2380 exercuit
626 2322 781 2380 acerrime.
825 2321 956 2400 Appium
992 2320 1155 2381 Claudium
1220 2361 1230 2372 ·

91 2427 215 2489 aedilis*
233 2445 404 2500 censorem,
433 2426 515 2504 quod
547 2437 752 2486 accusatorem
782 2425 849 2503 lege
877 2425 1045 2500 Scantinia,
1076 2445 1155 2506 quae

91 2535 187 2593 fuisse
213 2532 334 2590 ridetur
354 2531 391 2590 de
411 2533 546 2604 incestu,
567 2533 601 2590 in
621 2551 690 2590 euru
710 2530 1028 2608 subornaverat‚,ipse
1049 2530 1152 2590 eadem

91 2640 158 2718 lege
175 2637 340 2718 postularit
370 2633 429 2716 (6);
448 2655 624 2716 quanquam
641 2645 771 2714 utraque
788 2636 940 2695 accusatio
956 2643 1078 2712 peracta
1090 2653 1152 2695 non

92 2753 147 2803 est.
187 2742 273 2819 Quod
300 2742 463 2800 Trebonius
488 2741 545 2819 ipsi
576 2741 715 2820 quamvis
743 2747 813 2799 ante
838 2738 1011 2816 legitimum
1038 2758 1153 2799 annum

91 2859 264 2930 praeturam
284 2847 393 2925 adepto
413 2844 564 2924 praelatus
585 2853 646 2920 est,
666 2846 829 2924 praecipua
849 2862 939 2903 causa
965 2843 1042 2918 fuit,
1062 2862 1153 2903 cura
1259 2833 1262 2841 ¹

90 2956 213 3017 Caesare
230 2953 420 3032 alienaretur.

132 3166 190 3226 Sed
216 3168 296 3223 inter
311 3169 453 3221 'oratores
480 3179 590 3218 nornen
620 3162 685 3221 eius
707 3140 910 3220 clarissimum
936 3157 1031 3217 fuisse
1055 3159 1152 3217 omnis

90 3272 242 3334 consensit
268 3269 440 3347 antiquitas.
481 3267 579 3327 Verbo
604 3268 669 3325 eius
696 3266 883 3325 mentionem
908 3262 1027 3322 faciunt
1055 3261 1153 3321 Velle·

26 3413 29 3420 ·
89 3382 140 3438 ius
158 3375 201 3460 (7)
223 3384 252 3434 et
271 3373 387 3433 Plinius
408 3373 502 3432 llinor
523 3369 576 3454 (8)
599 3372 781 3450 Copiosiores
799 3377 870 3428 sunt
891 3367 993 3427 Cicero
1000 3409 1009 3440 ,
1031 3366 1153 3440 Quinti-

89 3485 205 3556 lianus,
230 3480 359 3557 scriptor
384 3477 498 3554 dialogi
528 3476 566 3536 de
593 3474 773 3536 oratoribus.
814 3473 850 3532 Et
877 3492 913 3531 ex
942 3472 984 3528 eis
1008 3469 1151 3548 quidem,

90 3606 171 3668 quae
199 3595 353 3645 oratorum
379 3582 519 3660 prinecps
547 3581 580 3637 in
605 3579 696 3638 Bruto
721 3578 810 3637 babet
838 3574 899 3660 (9),
918 3574 1064 3634 discimus
1081 3593 1153 3633 eum

90 3712 163 3752 cum
190 3687 370 3749 elocutionis
395 3693 503 3745 ornatu
532 3692 562 3742 et
580 3683 697 3742 facetiis
724 3691 791 3741 tum
809 3683 935 3741 actionis
955 3679 1103 3757 dignitate
1123 3688 1154 3738 et

89 3829 348 3848 ffl-

124 3911 167 3978 (1)
188 3909 261 3961 Caes.
271 3909 298 3960 B.
316 3908 374 3960 Cir.
384 3909 429 3960 ΙΙΙ.
444 3909 485 3958 20.
502 3923 562 3975 sqq.
577 3905 634 3957 Liv.
650 3922 691 3973 ep.
707 3903 774 3957 cxl.
789 3904 858 3956 vell.
870 3905 903 3956 11.
917 3905 962 3956 68.
982 3914 1007 3955 et
1024 3903 1061 3954 ibi
1072 3905 1156 3972 intpp.

88 4004 137 4054 llio
150 4000 230 4051 XLll.
248 4001 291 4051 22.
308 4027 343 4038 -
362 3999 400 4067 (2)
420 3999 518 4050 Seneca
532 3997 564 4046 de
584 3998 622 4046 ira
636 3995 682 4045 111.
700 3994 725 4045 8.
743 4021 777 4032 -
796 3992 835 4062 (3)
856 3991 911 4045 Cic.
928 3994 980 4045 All.
997 3993 1042 4044 vl.
1058 3994 1083 4046 1.
1100 3991 1158 4042 val.

87 4095 158 4146 Max.
183 4093 228 4143 lv,
243 4093 278 4154 2,
304 4091 330 4140 7.
348 4088 455 4156 Quintil.
472 4088 493 4138 1.
509 4087 544 4150 6,
561 4086 602 4138 29.
620 4115 653 4124 -
673 4084 712 4151 (4)
731 4082 834 4134 Satura.
849 4083 883 4133 Il.
900 4100 926 4152 p.
944 4083 1003 4133 389.
1019 4082 1061 4132 ed.
1077 4081 1157 4133 Zeun.

84 4215 119 4225 -
140 4183 184 4251 (5)
209 4181 236 4233 Ρ.
261 4180 389 4230 Victorius
414 4178 470 4228 Var.
492 4177 573 4228 Lectt.
597 4174 666 4225 xvi.
686 4173 711 4224 1.
733 4172 813 4240 [Vide
839 4189 914 4241 supra
939 4170 1158 4252 p.,108sq.]l-

88 4275 131 4343 (6)
154 4272 257 4325 Caelius
273 4271 304 4322 ud
320 4269 375 4323 Cic.
388 4269 444 4320 biv.
463 4266 531 4318 Vlll·
547 4265 588 4316 12.
607 4265 650 4333 [h.
667 4262 714 4315 lid.
729 4261 812 4330 xxi]
834 4292 865 4302 -
885 4263 924 4331 (7)
945 4261 1012 4315 Vell.
1026 4261 1061 4313 ΙΙ.
1076 4259 1158 4310 68.-

84 4367 127 4434 (8)
151 4359 220 4416 Plin.
236 4363 301 4432 lipp.
319 4361 339 4414 Ι.
360 4356 401 4412 20.
420 4386 452 4398 -
471 4355 511 4424 (9)
531 4355 587 4409 cie.
606 4355 674 4407 llrut.
689 4351 742 4420 79,
761 4351 819 4403 273.

987 4433 1046 4542 ,9

147 4587 165 4622 ἢ
