3012 5182
654 379 696 442 27

141 611 176 658 se
210 589 424 658 relaturum¹
456 587 554 658 dixit.
605 586 661 658 Sic
696 611 789 658 nunc
810 611 921 681 neque
943 587 1119 662 absolutus
1145 613 1203 662 ne·

138 739 208 812 que
240 715 422 786 damnatus
456 713 617 784 Servilius
651 714 696 785 de
729 716 928 808 repetundis
960 717 1094 786 saucius
1115 715 1200 787 Pilio

137 844 306 916 tradetur.
364 844 450 914 Nam
487 842 530 913 de
566 842 770 913 divinatione
802 841 957 938 Appius,
1001 867 1110 937 quum
1145 867 1197 914 ca·

136 949 304 1042 lumniam
338 971 500 1059 iurasset,
533 969 736 1042 contendere
759 993 860 1042 ausus
880 995 949 1042 non
969 983 1020 1042 est
1043 970 1200 1066 Pilioque

135 1100 260 1170 cessit:
295 1109 330 1168 et
363 1100 435 1192 ipse
469 1097 513 1168 de
535 1099 687 1192 pecuniis
709 1100 908 1194 repetundis
929 1125 949 1172 a
973 1099 1123 1172 Serviliis
1146 1111 1198 1170 est

136 1225 329 1320 postulatus
361 1235 396 1294 et
431 1235 604 1319 praeterea
637 1225 681 1301 de
716 1227 749 1297 vi
783 1250 862 1298 reus
896 1252 916 1298 a
952 1228 1101 1324 quodam
1137 1251 1199 1300 suo

134 1354 326 1442 emissario,
370 1351 445 1423 Sex.
495 1353 627 1445 Tettio,
673 1353 822 1428 factust
883 1357 988 1428 Recte
1026 1357 1091 1429 hoc
1134 1380 1199 1454 par

129 1481 247 1554 habet.

182 1607 218 1680 4.
268 1609 367 1698 Quod
415 1609 459 1682 ad
502 1635 573 1681 rem
621 1611 798 1708 publicam
846 1613 1018 1707 pertinet,
1059 1612 1197 1685 omnino

129 1739 248 1811 multis
280 1739 423 1830 diebus,
459 1742 707 1834 exspectatione
729 1741 940 1832 Galliarum,
966 1751 1082 1812 actum
1105 1740 1191 1812 nihil

131 1879 195 1938 est.
244 1865 435 1961 Aliquando
461 1879 597 1958 tamen,
631 1893 732 1963 saepe
766 1891 804 1938 re
838 1868 942 1938 dilata
978 1880 1013 1937 et
1047 1870 1193 1961 graviter

131 2009 215 2068 seta·
251 2009 286 2067 et
320 1997 419 2093 plane
450 2009 629 2094 perspecta
664 1997 726 2068 Cn.
758 1997 911 2092 Pompeii
944 1996 1120 2068 voluntate
1155 1999 1192 2069 in

129 2149 204 2197 eam
238 2136 392 2221 partem,
425 2137 466 2196 ut
498 2149 578 2196 eum
613 2124 777 2196 decedere
809 2137 887 2220 post
907 2123 1076 2198 Kalendas
1100 2125 1190 2196 llar-

125 2255 190 2323 tias
228 2252 402 2347 placeret,
435 2264 571 2326 senatus
606 2253 823 2346 consultum,
855 2256 950 2350 quod
989 2254 1052 2327 tibi
1089 2255 1188 2346 misi,

124 2379 253 2452 facturn
275 2392 326 2452 est
349 2382 634 2478 auctoritatesque
658 2384 877 2478 perscriptae.

171 2590 206 2662 5.
497 2590 531 2660 S.
557 2590 594 2661 C.
620 2613 823 2662 unewanus.

170 2801 303 2872 Pridie
339 2801 428 2872 Kal.
468 2800 586 2871 Octob.
637 2807 680 2871 in
727 2803 812 2871 aede
855 2798 1040 2892 Apollinis
1072 2803 1181 2872 scrib.

123 2937 314 3030 affuerunt
338 2933 381 3004 L.
409 2931 595 3004 Domitius
622 2929 689 3002 Cn.
714 2929 760 2998 F.
784 2929 875 3000 Feb.
900 2925 1180 3022 Ahenobarbus,
1269 2967 1274 2974 ·

125 3061 168 3156 Q.
195 3059 378 3132 Caecilius
419 3060 461 3154 Q.
498 3060 543 3129 F.
571 3058 662 3128 Feb.
688 3055 887 3128 Metellus³
912 3055 1010 3127 Pius
1035 3056 1180 3151 Scipio,

119 3189 160 3262 L.
202 3189 365 3262 Villiusr
400 3185 441 3259 L.
478 3187 523 3258 F.
559 3185 659 3258 Pom.
694 3182 876 3274 Annalis,
916 3185 956 3256 C.
981 3186 1181 3282 Septimius

122 3319 164 3389 T.
191 3318 237 3389 F.
266 3319 451 3413 Quirine,
483 3317 523 3388 C.
550 3317 725 3387 Lucceius
754 3314 794 3386 C.
818 3315 862 3386 F.
887 3315 986 3407 Pup.
1007 3313 1179 3406 Hirrus,
1297 3339 1299 3346 ·

119 3445 160 3518 C.
206 3448 420 3518 Scribonius
458 3445 498 3516 C.
535 3445 580 3515 F.
628 3444 716 3538 Pop.
768 3442 905 3533 Curio,
941 3440 982 3511 L.
1033 3437 1179 3511 Atreius

160 3685 202 3754 (1)
220 3685 263 3737 Sic
271 3685 338 3738 Viot.
348 3687 373 3738 2.
383 3686 474 3740 Lamb.
488 3687 550 3738 Ero.
563 3685 624 3738 Sch.
641 3684 829 3754 (crassense.
839 3683 1017 3750 omittuntel.)
1026 3688 1176 3736 -transe-

110 3776 196 3840 giseet
209 3776 356 3826 relaturum
372 3776 423 3828 lld.
441 3775 509 3828 Vict.
527 3777 552 3826 1.
569 3804 603 3816 -
619 3776 788 3839 transegisset
802 3780 826 3826 et
840 3792 865 3828 se
878 3776 925 3827 rel.
943 3773 1036 3826 Graes.
1074 3775 1114 3844 (2)
1132 3775 1177 3830 Sic

113 3865 211 3917 Bened.
233 3866 265 3916 do
285 3865 321 3936 G.
342 3869 417 3918 amici
431 3866 547 3920 Uenutii.
561 3894 596 3906 -
612 3882 659 3915 suo
675 3867 769 3915 emissa
784 3865 894 3916 rustetio
906 3864 999 3930 sectus
1014 3863 1066 3934 lid.
1081 3892 1115 3904 -
1131 3881 1179 3916 sue

111 3959 248 4009 missario
273 3961 311 4007 est
321 3957 415 4022 sectus
437 3956 506 4008 Cret.
521 3954 585 4005 Vict.
603 3956 616 4004 1
634 3965 660 4004 et
675 3955 700 4004 2.
715 3983 750 3992 -
766 3955 899 4004 emissario
915 3969 962 4003 sue
983 3954 1055 4006 Titio
1075 3954 1177 4021 (Tettio

111 4044 186 4114 Sch.)
207 4048 303 4113 sectus
324 4051 362 4096 est
381 4047 472 4101 Lamb.
497 4045 591 4098 Graes.
620 4045 683 4096 llrn.
709 4043 771 4096 Sch.
812 4043 852 4111 (3)
879 4041 924 4094 Sic
948 4044 1057 4111 scripsi,
1090 4044 1177 4094 Fabia

47 4148 49 4152 ’
109 4138 193 4188 tribu.
208 4135 334 4189 Omnium
349 4137 431 4192 tribus
449 4137 578 4188 nominari
593 4132 882 4186 debebant-Fabius
897 4133 938 4184 bis
954 4143 1071 4202 corrupte
1086 4132 1178 4184 ild.-

105 4243 157 4278 om.
180 4227 249 4278 Feb.
272 4227 410 4296 utrobique
435 4225 502 4280 Cett.
540 4225 579 4294 (l)
603 4224 647 4276 Sic
663 4223 756 4275 Graes.
779 4221 861 4292 Seqq.
879 4223 926 4276 cfr.
942 4220 1125 4274 Drakenborch
1142 4221 1173 4271 ad

107 4317 167 4368 Lo.
189 4317 239 4379 40,
257 4315 309 4379 le,
329 4318 354 4367 1.
372 4317 511 4368 —Iulius
533 4315 583 4368 tid.
600 4315 668 4366 tior.
686 4317 700 4366 1
716 4326 741 4367 et
756 4316 780 4365 2.
798 4313 910 4378 Lamb.,
936 4313 1009 4365 solite
1023 4310 1174 4380 corruptela.

107 4403 181 4458 llox:
200 4435 234 4453 .-
256 4407 388 4475 Septimus
403 4407 456 4458 lld.
476 4406 542 4459 vict.
561 4407 584 4456 1.
599 4405 689 4456 Lamb.
