<?xml version="1.0" encoding="UTF-8"?>
<!DOCTYPE html PUBLIC "-//W3C//DTD XHTML 1.0 Transitional//EN"
    "http://www.w3.org/TR/xhtml1/DTD/xhtml1-transitional.dtd">
<html xmlns="http://www.w3.org/1999/xhtml" xml:lang="en" lang="en">
 <head>
  <title>
</title>
<meta http-equiv="Content-Type" content="text/html;charset=utf-8" />
  <meta name='ocr-system' content='tesseract 3.04.00' />
  <meta name='ocr-capabilities' content='ocr_page ocr_carea ocr_par ocr_line ocrx_word'/>
</head>
<body>
  <div class='ocr_page' id='page_1' title='image "./caeliirufietcic00surigoog_0187.png"; bbox 0 0 2978 5186; ppageno 0'>
   <div class='ocr_carea' id='block_1_1' title="bbox 806 359 868 417">
    <p class='ocr_par' dir='ltr' id='par_1_1' title="bbox 806 359 868 417">
     <span class='ocr_line' id='line_1_1' title="bbox 806 359 868 417; baseline 0 -1"><span class='ocrx_word' id='word_1_1' title='bbox 806 359 868 417; x_wconf 83' lang='lat'><strong>180</strong></span> 
     </span>
    </p>
   </div>
   <div class='ocr_carea' id='block_1_2' title="bbox 311 537 1389 856">
    <p class='ocr_par' dir='ltr' id='par_1_2' title="bbox 311 537 1389 856">
     <span class='ocr_line' id='line_1_2' title="bbox 313 537 1372 642; baseline -0.001 -17"><span class='ocrx_word' id='word_1_2' title='bbox 313 574 417 642; x_wconf 76' lang='lat' dir='ltr'><strong>gutas,</strong></span> <span class='ocrx_word' id='word_1_3' title='bbox 442 575 472 624; x_wconf 91' lang='lat' dir='ltr'><strong>et</strong></span> <span class='ocrx_word' id='word_1_4' title='bbox 491 537 610 624; x_wconf 77' lang='lat' dir='ltr'><strong>concise</strong></span> <span class='ocrx_word' id='word_1_5' title='bbox 629 561 820 641; x_wconf 76' lang='lat' dir='ltr'><strong>breviterque</strong></span> <span class='ocrx_word' id='word_1_6' title='bbox 847 562 991 639; x_wconf 85' lang='lat' dir='ltr'><strong>scriptas,</strong></span> <span class='ocrx_word' id='word_1_7' title='bbox 1009 565 1223 640; x_wconf 72' lang='lat' dir='ltr'><strong>reperiemus,</strong></span> <span class='ocrx_word' id='word_1_8' title='bbox 1253 571 1284 622; x_wconf 87' lang='lat' dir='ltr'><strong>et</strong></span> <span class='ocrx_word' id='word_1_9' title='bbox 1312 566 1372 636; x_wconf 82' lang='lat' dir='ltr'><strong>ita,</strong></span> 
     </span>
     <span class='ocr_line' id='line_1_3' title="bbox 311 665 1372 750; baseline -0.002 -20"><span class='ocrx_word' id='word_1_10' title='bbox 311 681 347 729; x_wconf 89' lang='lat' dir='ltr'><strong>ut</strong></span> <span class='ocrx_word' id='word_1_11' title='bbox 366 672 478 750; x_wconf 86' lang='lat' dir='ltr'><strong>passim</strong></span> <span class='ocrx_word' id='word_1_12' title='bbox 496 669 600 748; x_wconf 89' lang='lat' dir='ltr'><strong>aliqua</strong></span> <span class='ocrx_word' id='word_1_13' title='bbox 619 667 811 726; x_wconf 72' lang='lat' dir='ltr'>obscuritatis</span> <span class='ocrx_word' id='word_1_14' title='bbox 828 667 941 744; x_wconf 85' lang='lat' dir='ltr'><strong>species</strong></span> <span class='ocrx_word' id='word_1_15' title='bbox 961 665 1125 728; x_wconf 85' lang='lat' dir='ltr'><strong>oboriatur.</strong></span> <span class='ocrx_word' id='word_1_16' title='bbox 1244 668 1372 729; x_wconf 79' lang='lat' dir='ltr'><strong>Wrrsnn.</strong></span> 
     </span>
     <span class='ocr_line' id='line_1_4' title="bbox 349 771 1389 856; baseline -0.001 -21"><span class='ocrx_word' id='word_1_17' title='bbox 349 775 380 856; x_wconf 52' lang='grc' dir='ltr'><strong>ᾖ.</strong></span> <span class='ocrx_word' id='word_1_18' title='bbox 404 775 430 834; x_wconf 95' lang='grc'><strong>1.</strong></span> <span class='ocrx_word' id='word_1_19' title='bbox 473 773 563 832; x_wconf 84' lang='lat' dir='ltr'><strong>Etsi</strong></span> <span class='ocrx_word' id='word_1_20' title='bbox 592 773 633 832; x_wconf 85' lang='lat' dir='ltr'><strong>ds</strong></span> <span class='ocrx_word' id='word_1_21' title='bbox 662 792 701 830; x_wconf 85' lang='lat' dir='ltr'><strong>re</strong></span> <span class='ocrx_word' id='word_1_22' title='bbox 720 771 894 850; x_wconf 78' lang='lat' dir='ltr'><strong>publiea.</strong></span> <span class='ocrx_word' id='word_1_23' title='bbox 935 771 1022 845; x_wconf 82' lang='lat' dir='ltr'><strong>Quod</strong></span> <span class='ocrx_word' id='word_1_24' title='bbox 1050 771 1088 830; x_wconf 90' lang='lat' dir='ltr'><strong>de</strong></span> <span class='ocrx_word' id='word_1_25' title='bbox 1115 793 1178 852; x_wconf 85' lang='lat' dir='ltr'><strong>rep.</strong></span> <span class='ocrx_word' id='word_1_26' title='bbox 1205 794 1268 833; x_wconf 92' lang='lat' dir='ltr'><strong>non</strong></span> <span class='ocrx_word' id='word_1_27' title='bbox 1285 778 1389 853; x_wconf 79' lang='lat' dir='ltr'><strong>prius-</strong></span> 
     </span>
    </p>
   </div>
   <div class='ocr_carea' id='block_1_3' title="bbox 219 866 1480 956">
    <p class='ocr_par' dir='ltr' id='par_1_3' title="bbox 219 866 1480 956">
     <span class='ocr_line' id='line_1_5' title="bbox 219 866 1480 956; baseline -0.001 -17"><span class='ocrx_word' id='word_1_28' title='bbox 219 866 223 876; x_wconf 68' lang='grc'><em>’</em></span> <span class='ocrx_word' id='word_1_29' title='bbox 310 880 434 950; x_wconf 77' lang='lat' dir='ltr'><strong>scribit,</strong></span> <span class='ocrx_word' id='word_1_30' title='bbox 464 879 517 938; x_wconf 88' lang='lat' dir='ltr'><strong>sod</strong></span> <span class='ocrx_word' id='word_1_31' title='bbox 543 879 581 937; x_wconf 90' lang='lat' dir='ltr'><strong>do</strong></span> <span class='ocrx_word' id='word_1_32' title='bbox 608 878 748 956; x_wconf 73' lang='lat' dir='ltr'>turpibus</span> <span class='ocrx_word' id='word_1_33' title='bbox 777 875 918 946; x_wconf 88' lang='lat' dir='ltr'><strong>iudiciis,</strong></span> <span class='ocrx_word' id='word_1_34' title='bbox 941 879 1035 954; x_wconf 78' lang='lat' dir='ltr'><strong>magis</strong></span> <span class='ocrx_word' id='word_1_35' title='bbox 1056 897 1092 936; x_wconf 84' lang='lat' dir='ltr'><strong>ex</strong></span> <span class='ocrx_word' id='word_1_36' title='bbox 1110 879 1233 956; x_wconf 80' lang='lat' dir='ltr'><strong>ingenio</strong></span> <span class='ocrx_word' id='word_1_37' title='bbox 1250 898 1307 938; x_wconf 91' lang='lat' dir='ltr'><strong>sno</strong></span> <span class='ocrx_word' id='word_1_38' title='bbox 1324 879 1373 939; x_wconf 83' lang='lat' dir='ltr'><strong>fa·</strong></span> <span class='ocrx_word' id='word_1_39' title='bbox 1479 921 1480 944; x_wconf 54' lang='lat'>2</span> 
     </span>
    </p>
   </div>
   <div class='ocr_carea' id='block_1_4' title="bbox 278 981 1371 3579">
    <p class='ocr_par' dir='ltr' id='par_1_4' title="bbox 300 981 1371 1897">
     <span class='ocr_line' id='line_1_6' title="bbox 308 981 1371 1064; baseline 0.002 -21"><span class='ocrx_word' id='word_1_40' title='bbox 308 986 368 1055; x_wconf 90' lang='lat' dir='ltr'><strong>cit,</strong></span> <span class='ocrx_word' id='word_1_41' title='bbox 388 1003 479 1062; x_wconf 86' lang='lat' dir='ltr'><strong>quam</strong></span> <span class='ocrx_word' id='word_1_42' title='bbox 497 992 531 1041; x_wconf 94' lang='lat' dir='ltr'><strong>ut</strong></span> <span class='ocrx_word' id='word_1_43' title='bbox 548 982 685 1042; x_wconf 84' lang='lat' dir='ltr'><strong>Ciceroni</strong></span> <span class='ocrx_word' id='word_1_44' title='bbox 700 981 904 1060; x_wconf 77' lang='lat' dir='ltr'><strong>gratificetur,</strong></span> <span class='ocrx_word' id='word_1_45' title='bbox 922 982 977 1059; x_wconf 90' lang='lat' dir='ltr'><strong>qui</strong></span> <span class='ocrx_word' id='word_1_46' title='bbox 997 983 1063 1041; x_wconf 85' lang='lat' dir='ltr'><strong>sine</strong></span> <span class='ocrx_word' id='word_1_47' title='bbox 1083 983 1178 1045; x_wconf 91' lang='lat' dir='ltr'><strong>dnbio</strong></span> <span class='ocrx_word' id='word_1_48' title='bbox 1198 985 1272 1060; x_wconf 90' lang='lat' dir='ltr'><strong>illa,</strong></span> <span class='ocrx_word' id='word_1_49' title='bbox 1292 1006 1371 1064; x_wconf 88' lang='lat' dir='ltr'><strong>qnae</strong></span> 
     </span>
     <span class='ocr_line' id='line_1_7' title="bbox 308 1086 1369 1167; baseline 0.002 -21"><span class='ocrx_word' id='word_1_50' title='bbox 308 1089 346 1146; x_wconf 92' lang='lat' dir='ltr'><strong>de</strong></span> <span class='ocrx_word' id='word_1_51' title='bbox 374 1108 435 1167; x_wconf 85' lang='lat' dir='ltr'><strong>rep.</strong></span> <span class='ocrx_word' id='word_1_52' title='bbox 463 1087 573 1156; x_wconf 87' lang='lat' dir='ltr'><strong>habet,</strong></span> <span class='ocrx_word' id='word_1_53' title='bbox 602 1088 687 1166; x_wconf 91' lang='lat' dir='ltr'><strong>prius</strong></span> <span class='ocrx_word' id='word_1_54' title='bbox 713 1086 818 1145; x_wconf 88' lang='lat' dir='ltr'><strong>mallet</strong></span> <span class='ocrx_word' id='word_1_55' title='bbox 845 1105 1043 1164; x_wconf 73' lang='lat' dir='ltr'><strong>cognoscere,</strong></span> <span class='ocrx_word' id='word_1_56' title='bbox 1072 1109 1101 1148; x_wconf 84' lang='lat' dir='ltr'><strong>v.</strong></span> <span class='ocrx_word' id='word_1_57' title='bbox 1133 1089 1171 1148; x_wconf 89' lang='lat' dir='ltr'><strong>ad</strong></span> <span class='ocrx_word' id='word_1_58' title='bbox 1196 1089 1260 1148; x_wconf 86' lang='lat' dir='ltr'><strong>div.</strong></span> <span class='ocrx_word' id='word_1_59' title='bbox 1282 1089 1369 1152; x_wconf 83' lang='lat'><em>11.8.</em></span> 
     </span>
     <span class='ocr_line' id='line_1_8' title="bbox 308 1190 1368 1272; baseline -0.001 -23"><span class='ocrx_word' id='word_1_60' title='bbox 308 1191 353 1269; x_wconf 88' lang='lat' dir='ltr'><strong>[h.</strong></span> <span class='ocrx_word' id='word_1_61' title='bbox 371 1191 422 1250; x_wconf 83' lang='lat' dir='ltr'><strong>Ed.</strong></span> <span class='ocrx_word' id='word_1_62' title='bbox 443 1193 494 1269; x_wconf 84' lang='lat' dir='ltr'><strong>Ep.</strong></span> <span class='ocrx_word' id='word_1_63' title='bbox 515 1190 577 1271; x_wconf 68' lang='grc' dir='ltr'><strong>Ν]</strong></span> <span class='ocrx_word' id='word_1_64' title='bbox 619 1191 730 1250; x_wconf 79' lang='lat' dir='ltr'><strong>Verum</strong></span> <span class='ocrx_word' id='word_1_65' title='bbox 758 1190 876 1250; x_wconf 81' lang='lat' dir='ltr'><strong>Coelius</strong></span> <span class='ocrx_word' id='word_1_66' title='bbox 902 1196 1096 1265; x_wconf 76' lang='grc' dir='ltr'><strong><em>ἐπιχαιρέκακος</em></strong></span> <span class='ocrx_word' id='word_1_67' title='bbox 1113 1214 1200 1272; x_wconf 78' lang='lat' dir='ltr'><strong>aegre</strong></span> <span class='ocrx_word' id='word_1_68' title='bbox 1224 1213 1257 1253; x_wconf 80' lang='lat' dir='ltr'><strong>se</strong></span> <span class='ocrx_word' id='word_1_69' title='bbox 1274 1199 1368 1254; x_wconf 81' lang='lat' dir='ltr'><strong>cunti·</strong></span> 
     </span>
     <span class='ocr_line' id='line_1_9' title="bbox 309 1294 1370 1376; baseline 0.005 -22"><span class='ocrx_word' id='word_1_70' title='bbox 309 1296 417 1367; x_wconf 88' lang='lat' dir='ltr'><strong>nebat,</strong></span> <span class='ocrx_word' id='word_1_71' title='bbox 436 1296 599 1374; x_wconf 90' lang='lat' dir='ltr'><strong>quominus</strong></span> <span class='ocrx_word' id='word_1_72' title='bbox 614 1294 643 1376; x_wconf 75' lang='lat'>§</span> <span class='ocrx_word' id='word_1_73' title='bbox 663 1295 690 1354; x_wconf 93' lang='lat'><strong>1.</strong></span> <span class='ocrx_word' id='word_1_74' title='bbox 702 1329 739 1340; x_wconf 91' lang='lat'><em>-</em></span> <span class='ocrx_word' id='word_1_75' title='bbox 751 1294 780 1354; x_wconf 83' lang='lat'><strong>4.</strong></span> <span class='ocrx_word' id='word_1_76' title='bbox 799 1297 882 1374; x_wconf 91' lang='lat' dir='ltr'><strong>prius</strong></span> <span class='ocrx_word' id='word_1_77' title='bbox 904 1295 1080 1357; x_wconf 82' lang='lat' dir='ltr'><strong>effunderet.</strong></span> <span class='ocrx_word' id='word_1_78' title='bbox 1245 1299 1370 1360; x_wconf 76' lang='lat' dir='ltr'><strong>Wusu</strong></span> 
     </span>
     <span class='ocr_line' id='line_1_10' title="bbox 300 1399 1367 1484; baseline 0.003 -26"><span class='ocrx_word' id='word_1_79' title='bbox 300 1473 305 1484; x_wconf 41' lang='grc' dir='ltr'>Ι</span> <span class='ocrx_word' id='word_1_80' title='bbox 351 1400 474 1474; x_wconf 70' lang='lat' dir='ltr'><strong>sitit,</strong></span> <span class='ocrx_word' id='word_1_81' title='bbox 505 1418 575 1477; x_wconf 77' lang='lat' dir='ltr'><strong>qao</strong></span> <span class='ocrx_word' id='word_1_82' title='bbox 595 1400 721 1478; x_wconf 82' lang='lat' dir='ltr'><strong>magis</strong></span> <span class='ocrx_word' id='word_1_83' title='bbox 742 1399 1154 1479; x_wconf 73' lang='lat' dir='ltr'><strong>tegoos&#39;surssmputstt</strong></span> <span class='ocrx_word' id='word_1_84' title='bbox 1196 1401 1279 1460; x_wconf 79' lang='lat' dir='ltr'><strong>licus</strong></span> <span class='ocrx_word' id='word_1_85' title='bbox 1309 1405 1367 1481; x_wconf 87' lang='lat' dir='ltr'><strong>pri·</strong></span> 
     </span>
     <span class='ocr_line' id='line_1_11' title="bbox 305 1503 1368 1583; baseline 0.002 -19"><span class='ocrx_word' id='word_1_86' title='bbox 305 1525 393 1564; x_wconf 85' lang='lat' dir='ltr'><strong>mus:</strong></span> <span class='ocrx_word' id='word_1_87' title='bbox 423 1504 519 1578; x_wconf 78' lang='lat' dir='ltr'><strong>nihil,</strong></span> <span class='ocrx_word' id='word_1_88' title='bbox 548 1504 627 1581; x_wconf 83' lang='lat' dir='ltr'><strong>quod</strong></span> <span class='ocrx_word' id='word_1_89' title='bbox 650 1506 746 1583; x_wconf 84' lang='lat' dir='ltr'><strong>magis</strong></span> <span class='ocrx_word' id='word_1_90' title='bbox 774 1514 800 1561; x_wconf 83' lang='lat' dir='ltr'><strong>te</strong></span> <span class='ocrx_word' id='word_1_91' title='bbox 827 1505 1003 1583; x_wconf 75' lang='lat' dir='ltr'><strong>gavisuram</strong></span> <span class='ocrx_word' id='word_1_92' title='bbox 1024 1515 1118 1583; x_wconf 84' lang='lat' dir='ltr'><strong>putet.</strong></span> <span class='ocrx_word' id='word_1_93' title='bbox 1159 1503 1195 1563; x_wconf 87' lang='lat' dir='ltr'><strong>Et</strong></span> <span class='ocrx_word' id='word_1_94' title='bbox 1222 1506 1283 1566; x_wconf 90' lang='lat' dir='ltr'><strong>hoc</strong></span> <span class='ocrx_word' id='word_1_95' title='bbox 1301 1506 1368 1566; x_wconf 86' lang='lat' dir='ltr'><strong>Coe-</strong></span> 
     </span>
     <span class='ocr_line' id='line_1_12' title="bbox 303 1607 1364 1690; baseline 0.003 -23"><span class='ocrx_word' id='word_1_96' title='bbox 303 1611 421 1668; x_wconf 87' lang='lat' dir='ltr'><strong>lianum</strong></span> <span class='ocrx_word' id='word_1_97' title='bbox 436 1619 498 1682; x_wconf 70' lang='lat' dir='ltr'><strong>cst,</strong></span> <span class='ocrx_word' id='word_1_98' title='bbox 523 1609 567 1668; x_wconf 87' lang='lat' dir='ltr'><strong>sic</strong></span> <span class='ocrx_word' id='word_1_99' title='bbox 585 1610 724 1686; x_wconf 90' lang='lat' dir='ltr'><strong>superius</strong></span> <span class='ocrx_word' id='word_1_100' title='bbox 741 1609 793 1686; x_wconf 83' lang='lat' dir='ltr'><strong>Ep.</strong></span> <span class='ocrx_word' id='word_1_101' title='bbox 810 1609 848 1668; x_wconf 92' lang='lat' dir='ltr'><strong>ll.</strong></span> <span class='ocrx_word' id='word_1_102' title='bbox 873 1607 915 1686; x_wconf 87' lang='lat' dir='ltr'><strong>[h.</strong></span> <span class='ocrx_word' id='word_1_103' title='bbox 936 1608 988 1668; x_wconf 88' lang='lat' dir='ltr'><strong>Ed.</strong></span> <span class='ocrx_word' id='word_1_104' title='bbox 1009 1609 1047 1670; x_wconf 90' lang='lat' dir='ltr'><strong>ll.</strong></span> <span class='ocrx_word' id='word_1_105' title='bbox 1070 1610 1108 1689; x_wconf 82' lang='grc'><strong>1.]</strong></span> <span class='ocrx_word' id='word_1_106' title='bbox 1124 1621 1208 1690; x_wconf 80' lang='lat' dir='ltr'><strong>puto,</strong></span> <span class='ocrx_word' id='word_1_107' title='bbox 1229 1622 1264 1670; x_wconf 81' lang='lat' dir='ltr'><strong>ot</strong></span> <span class='ocrx_word' id='word_1_108' title='bbox 1280 1633 1364 1672; x_wconf 78' lang='lat' dir='ltr'><strong>sunm</strong></span> 
     </span>
     <span class='ocr_line' id='line_1_13' title="bbox 301 1712 1366 1796; baseline 0.002 -24"><span class='ocrx_word' id='word_1_109' title='bbox 301 1714 448 1796; x_wconf 80' lang='lat' dir='ltr'><strong>goudium</strong></span> <span class='ocrx_word' id='word_1_110' title='bbox 475 1713 688 1794; x_wconf 68' lang='lat' dir='ltr'><strong><em>gauderemus:</em></strong></span> <span class='ocrx_word' id='word_1_111' title='bbox 719 1721 748 1770; x_wconf 93' lang='lat' dir='ltr'><strong>et</strong></span> <span class='ocrx_word' id='word_1_112' title='bbox 767 1712 896 1771; x_wconf 80' lang='lat' dir='ltr'><strong>inferius</strong></span> <span class='ocrx_word' id='word_1_113' title='bbox 916 1712 968 1791; x_wconf 87' lang='lat' dir='ltr'><strong>Ep.</strong></span> <span class='ocrx_word' id='word_1_114' title='bbox 988 1712 1061 1771; x_wconf 86' lang='lat' dir='ltr'>XIV.</span> <span class='ocrx_word' id='word_1_115' title='bbox 1081 1712 1122 1790; x_wconf 87' lang='lat' dir='ltr'><strong>[b</strong></span> <span class='ocrx_word' id='word_1_116' title='bbox 1144 1713 1197 1773; x_wconf 85' lang='lat' dir='ltr'><strong>Ed.</strong></span> <span class='ocrx_word' id='word_1_117' title='bbox 1214 1715 1305 1774; x_wconf 85' lang='lat' dir='ltr'><strong>XXII.</strong></span> <span class='ocrx_word' id='word_1_118' title='bbox 1327 1716 1366 1795; x_wconf 86' lang='grc'><strong>1.]</strong></span> 
     </span>
     <span class='ocr_line' id='line_1_14' title="bbox 304 1815 1366 1897; baseline 0.003 -21"><span class='ocrx_word' id='word_1_119' title='bbox 304 1817 390 1876; x_wconf 82' lang='lat' dir='ltr'><strong>Nune</strong></span> <span class='ocrx_word' id='word_1_120' title='bbox 400 1819 486 1897; x_wconf 80' lang='lat' dir='ltr'><strong>furit</strong></span> <span class='ocrx_word' id='word_1_121' title='bbox 500 1828 560 1876; x_wconf 84' lang='lat' dir='ltr'><strong>tom</strong></span> <span class='ocrx_word' id='word_1_122' title='bbox 574 1817 695 1897; x_wconf 82' lang='lat' dir='ltr'><strong>gavisos</strong></span> <span class='ocrx_word' id='word_1_123' title='bbox 715 1815 851 1892; x_wconf 76' lang='lat' dir='ltr'><strong>homines·</strong></span> <span class='ocrx_word' id='word_1_124' title='bbox 865 1835 950 1872; x_wconf 87' lang='lat' dir='ltr'><strong>suum</strong></span> <span class='ocrx_word' id='word_1_125' title='bbox 973 1815 1107 1875; x_wconf 83' lang='lat' dir='ltr'><strong>dolorem.</strong></span> <span class='ocrx_word' id='word_1_126' title='bbox 1263 1819 1366 1880; x_wconf 77' lang='lat' dir='ltr'><strong>Getes.</strong></span> 
     </span>
    </p>

    <p class='ocr_par' dir='ltr' id='par_1_5' title="bbox 300 1909 1367 2206">
     <span class='ocr_line' id='line_1_15' title="bbox 341 1909 1367 2000; baseline 0.002 -18"><span class='ocrx_word' id='word_1_127' title='bbox 341 1959 401 1972; x_wconf 89' lang='grc'><strong>--</strong></span> <span class='ocrx_word' id='word_1_128' title='bbox 421 1959 481 1970; x_wconf 92' lang='lat'><strong>—-</strong></span> <span class='ocrx_word' id='word_1_129' title='bbox 523 1923 666 1982; x_wconf 80' lang='lat' dir='ltr'><strong>Graevius</strong></span> <span class='ocrx_word' id='word_1_130' title='bbox 693 1941 710 1980; x_wconf 91' lang='lat' dir='ltr'><strong>e</strong></span> <span class='ocrx_word' id='word_1_131' title='bbox 739 1920 795 1981; x_wconf 83' lang='lat' dir='ltr'><strong>tls.</strong></span> <span class='ocrx_word' id='word_1_132' title='bbox 822 1909 885 1979; x_wconf 46' lang='lat' dir='ltr'><strong>suo¹</strong></span> <span class='ocrx_word' id='word_1_133' title='bbox 903 1920 1000 1979; x_wconf 81' lang='lat' dir='ltr'><strong>edidit</strong></span> <span class='ocrx_word' id='word_1_134' title='bbox 1025 1922 1119 1999; x_wconf 80' lang='lat' dir='ltr'><strong>qood:</strong></span> <span class='ocrx_word' id='word_1_135' title='bbox 1148 1924 1222 2000; x_wconf 87' lang='lat' dir='ltr'><strong>quia</strong></span> <span class='ocrx_word' id='word_1_136' title='bbox 1249 1923 1367 1984; x_wconf 87' lang='lat' dir='ltr'><strong>Coelius</strong></span> 
     </span>
     <span class='ocr_line' id='line_1_16' title="bbox 300 2025 1366 2108; baseline 0.001 -21"><span class='ocrx_word' id='word_1_137' title='bbox 300 2031 554 2089; x_wconf 76' lang='lat' dir='ltr'><strong>constructionem</strong></span> <span class='ocrx_word' id='word_1_138' title='bbox 585 2028 663 2086; x_wconf 85' lang='lat' dir='ltr'><strong>hano</strong></span> <span class='ocrx_word' id='word_1_139' title='bbox 683 2026 842 2104; x_wconf 83' lang='lat' dir='ltr'><strong>aliquoties</strong></span> <span class='ocrx_word' id='word_1_140' title='bbox 862 2025 961 2084; x_wconf 87' lang='lat' dir='ltr'><strong>habet.</strong></span> <span class='ocrx_word' id='word_1_141' title='bbox 1002 2027 1049 2084; x_wconf 90' lang='lat' dir='ltr'><strong>Sic</strong></span> <span class='ocrx_word' id='word_1_142' title='bbox 1069 2037 1098 2085; x_wconf 91' lang='lat' dir='ltr'><strong>et</strong></span> <span class='ocrx_word' id='word_1_143' title='bbox 1113 2026 1166 2086; x_wconf 84' lang='lat' dir='ltr'><strong>lllS.</strong></span> <span class='ocrx_word' id='word_1_144' title='bbox 1186 2028 1241 2086; x_wconf 84' lang='lat' dir='ltr'><strong>Gn.</strong></span> <span class='ocrx_word' id='word_1_145' title='bbox 1264 2031 1366 2108; x_wconf 88' lang='lat' dir='ltr'><strong>itaque</strong></span> 
     </span>
     <span class='ocr_line' id='line_1_17' title="bbox 301 2133 1366 2206; baseline 0.003 -15"><span class='ocrx_word' id='word_1_146' title='bbox 301 2154 372 2192; x_wconf 91' lang='lat' dir='ltr'><strong>eum</strong></span> <span class='ocrx_word' id='word_1_147' title='bbox 390 2136 527 2192; x_wconf 88' lang='lat' dir='ltr'><strong>imitatus</strong></span> <span class='ocrx_word' id='word_1_148' title='bbox 540 2153 617 2191; x_wconf 92' lang='lat' dir='ltr'><strong>sum.</strong></span> <span class='ocrx_word' id='word_1_149' title='bbox 1116 2199 1120 2206; x_wconf 48' lang='grc'><em>,</em></span> <span class='ocrx_word' id='word_1_150' title='bbox 1244 2133 1366 2194; x_wconf 82' lang='lat' dir='ltr'><strong>Ennssm.</strong></span> 
     </span>
    </p>

    <p class='ocr_par' dir='ltr' id='par_1_6' title="bbox 278 2234 1367 3152">
     <span class='ocr_line' id='line_1_18' title="bbox 336 2234 1366 2318; baseline 0.002 -22"><span class='ocrx_word' id='word_1_151' title='bbox 336 2273 398 2283; x_wconf 91' lang='lat'><strong>--</strong></span> <span class='ocrx_word' id='word_1_152' title='bbox 416 2269 478 2282; x_wconf 89' lang='grc'><strong>·-·</strong></span> <span class='ocrx_word' id='word_1_153' title='bbox 518 2237 662 2296; x_wconf 81' lang='lat' dir='ltr'><strong>Graevius</strong></span> <span class='ocrx_word' id='word_1_154' title='bbox 697 2256 733 2294; x_wconf 84' lang='lat' dir='ltr'><strong>ex</strong></span> <span class='ocrx_word' id='word_1_155' title='bbox 765 2254 820 2294; x_wconf 89' lang='lat' dir='ltr'><strong>suo</strong></span> <span class='ocrx_word' id='word_1_156' title='bbox 851 2236 951 2313; x_wconf 87' lang='lat' dir='ltr'><strong>primo</strong></span> <span class='ocrx_word' id='word_1_157' title='bbox 984 2235 1062 2312; x_wconf 82' lang='lat' dir='ltr'><strong>qnod</strong></span> <span class='ocrx_word' id='word_1_158' title='bbox 1091 2234 1208 2310; x_wconf 86' lang='lat' dir='ltr'><strong>edidit,</strong></span> <span class='ocrx_word' id='word_1_159' title='bbox 1235 2257 1366 2318; x_wconf 86' lang='lat' dir='ltr'><strong>eumque</strong></span> 
     </span>
     <span class='ocr_line' id='line_1_19' title="bbox 297 2338 1367 2422; baseline -0.001 -21"><span class='ocrx_word' id='word_1_160' title='bbox 297 2343 414 2401; x_wconf 82' lang='lat' dir='ltr'><strong>Ernesti</strong></span> <span class='ocrx_word' id='word_1_161' title='bbox 443 2348 565 2398; x_wconf 89' lang='lat' dir='ltr'><strong>secutus</strong></span> <span class='ocrx_word' id='word_1_162' title='bbox 594 2346 658 2412; x_wconf 91' lang='lat' dir='ltr'><strong>est,</strong></span> <span class='ocrx_word' id='word_1_163' title='bbox 688 2339 761 2417; x_wconf 87' lang='lat' dir='ltr'><strong>quia</strong></span> <span class='ocrx_word' id='word_1_164' title='bbox 788 2338 914 2396; x_wconf 89' lang='lat' dir='ltr'><strong>eandem</strong></span> <span class='ocrx_word' id='word_1_165' title='bbox 942 2339 1125 2416; x_wconf 86' lang='lat' dir='ltr'><strong>scripturam</strong></span> <span class='ocrx_word' id='word_1_166' title='bbox 1159 2341 1239 2419; x_wconf 79' lang='lat' dir='ltr'><strong>quod</strong></span> <span class='ocrx_word' id='word_1_167' title='bbox 1268 2343 1367 2422; x_wconf 79' lang='lat' dir='ltr'><strong>magis</strong></span> 
     </span>
     <span class='ocr_line' id='line_1_20' title="bbox 300 2442 1366 2528; baseline 0.002 -24"><span class='ocrx_word' id='word_1_168' title='bbox 300 2447 393 2504; x_wconf 87' lang='lat' dir='ltr'><strong>etiam</strong></span> <span class='ocrx_word' id='word_1_169' title='bbox 427 2445 459 2501; x_wconf 92' lang='lat' dir='ltr'><strong>in</strong></span> <span class='ocrx_word' id='word_1_170' title='bbox 498 2442 724 2502; x_wconf 81' lang='lat' dir='ltr'><strong>Guelferbitano</strong></span> <span class='ocrx_word' id='word_1_171' title='bbox 753 2442 930 2520; x_wconf 80' lang='lat' dir='ltr'><strong>reperiebat.</strong></span> <span class='ocrx_word' id='word_1_172' title='bbox 982 2442 1065 2528; x_wconf 87' lang='lat' dir='ltr'><strong>Idem</strong></span> <span class='ocrx_word' id='word_1_173' title='bbox 1096 2465 1218 2523; x_wconf 86' lang='lat' dir='ltr'><strong>quoque</strong></span> <span class='ocrx_word' id='word_1_174' title='bbox 1248 2446 1298 2504; x_wconf 83' lang='lat' dir='ltr'><strong>llr.</strong></span> <span class='ocrx_word' id='word_1_175' title='bbox 1325 2447 1366 2506; x_wconf 88' lang='lat' dir='ltr'><strong>IL</strong></span> 
     </span>
     <span class='ocr_line' id='line_1_21' title="bbox 297 2547 1367 2627; baseline 0.002 -19"><span class='ocrx_word' id='word_1_176' title='bbox 297 2549 403 2624; x_wconf 81' lang='lat' dir='ltr'><strong>affert3</strong></span> <span class='ocrx_word' id='word_1_177' title='bbox 426 2557 474 2625; x_wconf 86' lang='lat' dir='ltr'><strong>et,</strong></span> <span class='ocrx_word' id='word_1_178' title='bbox 500 2549 571 2627; x_wconf 89' lang='lat' dir='ltr'><strong>qnia</strong></span> <span class='ocrx_word' id='word_1_179' title='bbox 595 2547 712 2608; x_wconf 87' lang='lat' dir='ltr'><strong>Coelius</strong></span> <span class='ocrx_word' id='word_1_180' title='bbox 743 2551 836 2608; x_wconf 88' lang='lat' dir='ltr'><strong>etiam</strong></span> <span class='ocrx_word' id='word_1_181' title='bbox 866 2549 933 2607; x_wconf 87' lang='lat' dir='ltr'><strong>aliis</strong></span> <span class='ocrx_word' id='word_1_182' title='bbox 962 2548 1037 2607; x_wconf 89' lang='lat' dir='ltr'><strong>locis</strong></span> <span class='ocrx_word' id='word_1_183' title='bbox 1063 2550 1156 2607; x_wconf 81' lang='lat' dir='ltr'><strong>simili</strong></span> <span class='ocrx_word' id='word_1_184' title='bbox 1178 2551 1296 2610; x_wconf 91' lang='lat' dir='ltr'><strong>ratione</strong></span> <span class='ocrx_word' id='word_1_185' title='bbox 1319 2551 1367 2610; x_wconf 91' lang='lat' dir='ltr'><strong>lo·</strong></span> 
     </span>
     <span class='ocr_line' id='line_1_22' title="bbox 295 2652 1364 2736; baseline -0.001 -22"><span class='ocrx_word' id='word_1_186' title='bbox 295 2655 411 2736; x_wconf 87' lang='lat' dir='ltr'><strong>quendi</strong></span> <span class='ocrx_word' id='word_1_187' title='bbox 446 2673 519 2713; x_wconf 88' lang='lat' dir='ltr'><strong>usus</strong></span> <span class='ocrx_word' id='word_1_188' title='bbox 555 2663 623 2726; x_wconf 86' lang='lat' dir='ltr'><strong>est,</strong></span> <span class='ocrx_word' id='word_1_189' title='bbox 667 2661 819 2732; x_wconf 87' lang='lat' dir='ltr'><strong>receptam</strong></span> <span class='ocrx_word' id='word_1_190' title='bbox 860 2653 944 2712; x_wconf 84' lang='lat' dir='ltr'><strong>illarn</strong></span> <span class='ocrx_word' id='word_1_191' title='bbox 981 2652 1143 2712; x_wconf 88' lang='lat' dir='ltr'><strong>lectionem</strong></span> <span class='ocrx_word' id='word_1_192' title='bbox 1180 2673 1243 2712; x_wconf 89' lang='lat' dir='ltr'><strong>non</strong></span> <span class='ocrx_word' id='word_1_193' title='bbox 1278 2654 1364 2714; x_wconf 89' lang='lat' dir='ltr'><strong>solli-</strong></span> 
     </span>
     <span class='ocr_line' id='line_1_23' title="bbox 278 2759 1364 2820; baseline -0.002 0"><span class='ocrx_word' id='word_1_194' title='bbox 278 2799 280 2804; x_wconf 36' lang='lat' dir='ltr'><strong><em>s</em></strong></span> <span class='ocrx_word' id='word_1_195' title='bbox 295 2764 365 2820; x_wconf 90' lang='lat' dir='ltr'><strong>cito.</strong></span> <span class='ocrx_word' id='word_1_196' title='bbox 1223 2759 1364 2818; x_wconf 72' lang='lat' dir='ltr'><strong>Brennus.</strong></span> 
     </span>
     <span class='ocr_line' id='line_1_24' title="bbox 293 2862 1358 2943; baseline -0.002 -19"><span class='ocrx_word' id='word_1_197' title='bbox 293 2871 296 2878; x_wconf 73' lang='lat'>‘</span> <span class='ocrx_word' id='word_1_198' title='bbox 331 2864 411 2925; x_wconf 83' lang='lat' dir='ltr'><strong>mel.</strong></span> <span class='ocrx_word' id='word_1_199' title='bbox 452 2865 499 2923; x_wconf 90' lang='lat' dir='ltr'><strong>Sic</strong></span> <span class='ocrx_word' id='word_1_200' title='bbox 527 2863 714 2943; x_wconf 87' lang='lat' dir='ltr'><strong>appellamus</strong></span> <span class='ocrx_word' id='word_1_201' title='bbox 734 2882 786 2937; x_wconf 87' lang='lat' dir='ltr'><strong>ea,</strong></span> <span class='ocrx_word' id='word_1_202' title='bbox 807 2862 920 2942; x_wconf 87' lang='lat' dir='ltr'><strong>quibus</strong></span> <span class='ocrx_word' id='word_1_203' title='bbox 941 2863 1015 2921; x_wconf 89' lang='lat' dir='ltr'><strong>mire</strong></span> <span class='ocrx_word' id='word_1_204' title='bbox 1030 2862 1229 2922; x_wconf 90' lang='lat' dir='ltr'><strong>delectamur.</strong></span> <span class='ocrx_word' id='word_1_205' title='bbox 1271 2863 1358 2923; x_wconf 88' lang='lat' dir='ltr'><strong>Plau·</strong></span> 
     </span>
     <span class='ocr_line' id='line_1_25' title="bbox 294 2965 1365 3043; baseline -0.002 -13"><span class='ocrx_word' id='word_1_206' title='bbox 294 2980 344 3032; x_wconf 86' lang='lat' dir='ltr'><strong>tus</strong></span> <span class='ocrx_word' id='word_1_207' title='bbox 371 2973 404 3030; x_wconf 91' lang='lat' dir='ltr'><strong>in</strong></span> <span class='ocrx_word' id='word_1_208' title='bbox 429 2971 514 3029; x_wconf 81' lang='lat' dir='ltr'><strong>Cure.</strong></span> <span class='ocrx_word' id='word_1_209' title='bbox 540 2968 626 3028; x_wconf 41' lang='lat'>.1.*³.</span> <span class='ocrx_word' id='word_1_210' title='bbox 652 2968 679 3028; x_wconf 84' lang='lat'><strong>8.</strong></span> <span class='ocrx_word' id='word_1_211' title='bbox 723 2965 853 3024; x_wconf 82' lang='lat' dir='ltr'><strong>Assum:</strong></span> <span class='ocrx_word' id='word_1_212' title='bbox 877 2987 946 3024; x_wconf 79' lang='lat' dir='ltr'><strong>nom</strong></span> <span class='ocrx_word' id='word_1_213' title='bbox 971 2968 1000 3023; x_wconf 81' lang='lat' dir='ltr'><strong>si</strong></span> <span class='ocrx_word' id='word_1_214' title='bbox 1030 2965 1145 3043; x_wconf 79' lang='lat' dir='ltr'><strong>obsim,</strong></span> <span class='ocrx_word' id='word_1_215' title='bbox 1176 2967 1257 3026; x_wconf 77' lang='lat' dir='ltr'><strong>houd</strong></span> <span class='ocrx_word' id='word_1_216' title='bbox 1284 2987 1365 3028; x_wconf 77' lang='lat' dir='ltr'><strong>recu-</strong></span> 
     </span>
     <span class='ocr_line' id='line_1_26' title="bbox 295 3071 1364 3152; baseline -0.001 -19"><span class='ocrx_word' id='word_1_217' title='bbox 295 3097 372 3150; x_wconf 86' lang='lat' dir='ltr'><strong>sem,</strong></span> <span class='ocrx_word' id='word_1_218' title='bbox 403 3076 477 3152; x_wconf 81' lang='lat' dir='ltr'><strong>qnin</strong></span> <span class='ocrx_word' id='word_1_219' title='bbox 502 3072 578 3140; x_wconf 65' lang='lat' dir='ltr'><strong>mite·</strong></span> <span class='ocrx_word' id='word_1_220' title='bbox 606 3072 681 3129; x_wconf 81' lang='lat' dir='ltr'><strong>mole</strong></span> <span class='ocrx_word' id='word_1_221' title='bbox 707 3073 762 3142; x_wconf 79' lang='lat' dir='ltr'><strong>sit,</strong></span> <span class='ocrx_word' id='word_1_222' title='bbox 794 3071 851 3130; x_wconf 87' lang='lat' dir='ltr'><strong>mel</strong></span> <span class='ocrx_word' id='word_1_223' title='bbox 879 3091 984 3132; x_wconf 87' lang='lat' dir='ltr'><strong>meum.</strong></span> <span class='ocrx_word' id='word_1_224' title='bbox 1147 3109 1154 3115; x_wconf 90' lang='lat'>-</span> <span class='ocrx_word' id='word_1_225' title='bbox 1262 3073 1364 3134; x_wconf 78' lang='lat' dir='ltr'><strong>blason.</strong></span> 
     </span>
    </p>

    <p class='ocr_par' dir='ltr' id='par_1_7' title="bbox 292 3175 1364 3344">
     <span class='ocr_line' id='line_1_27' title="bbox 333 3175 1364 3257; baseline 0 -21"><span class='ocrx_word' id='word_1_226' title='bbox 333 3181 347 3236; x_wconf 80' lang='lat' dir='ltr'><strong>s‘</strong></span> <span class='ocrx_word' id='word_1_227' title='bbox 355 3187 556 3244; x_wconf 72' lang='lat' dir='ltr'><strong>nonestus.</strong></span> <span class='ocrx_word' id='word_1_228' title='bbox 580 3175 664 3235; x_wconf 62' lang='lat' dir='ltr'><strong>tvos</strong></span> <span class='ocrx_word' id='word_1_229' title='bbox 692 3186 827 3248; x_wconf 82' lang='lat' dir='ltr'><strong>vocotus,</strong></span> <span class='ocrx_word' id='word_1_230' title='bbox 843 3187 878 3235; x_wconf 92' lang='lat' dir='ltr'><strong>ut</strong></span> <span class='ocrx_word' id='word_1_231' title='bbox 896 3177 992 3237; x_wconf 88' lang='lat' dir='ltr'><strong>Plaut.</strong></span> <span class='ocrx_word' id='word_1_232' title='bbox 1014 3178 1127 3255; x_wconf 76' lang='lat' dir='ltr'><strong>Captis.</strong></span> <span class='ocrx_word' id='word_1_233' title='bbox 1143 3176 1172 3236; x_wconf 90' lang='lat' dir='ltr'><strong>l.</strong></span> <span class='ocrx_word' id='word_1_234' title='bbox 1194 3175 1221 3236; x_wconf 94' lang='grc'><strong>1.</strong></span> <span class='ocrx_word' id='word_1_235' title='bbox 1239 3176 1270 3238; x_wconf 86' lang='grc'><strong>2.</strong></span> <span class='ocrx_word' id='word_1_236' title='bbox 1292 3179 1364 3257; x_wconf 78' lang='lat' dir='ltr'><strong>quia</strong></span> 
     </span>
     <span class='ocr_line' id='line_1_28' title="bbox 292 3257 1360 3344; baseline 0 -2"><span class='ocrx_word' id='word_1_237' title='bbox 292 3285 449 3344; x_wconf 81' lang='lat' dir='ltr'><strong>invocatos</strong></span> <span class='ocrx_word' id='word_1_238' title='bbox 469 3281 546 3339; x_wconf 84' lang='lat' dir='ltr'><strong>soleo</strong></span> <span class='ocrx_word' id='word_1_239' title='bbox 565 3302 625 3339; x_wconf 87' lang='lat' dir='ltr'><strong>esse</strong></span> <span class='ocrx_word' id='word_1_240' title='bbox 640 3283 675 3340; x_wconf 80' lang='lat' dir='ltr'><strong>s&#39;ss</strong></span> <span class='ocrx_word' id='word_1_241' title='bbox 695 3282 842 3338; x_wconf 78' lang='lat' dir='ltr'><strong>concisio.</strong></span> <span class='ocrx_word' id='word_1_242' title='bbox 1174 3257 1175 3264; x_wconf 8' lang='grc' dir='ltr'>ἵ</span> <span class='ocrx_word' id='word_1_243' title='bbox 1237 3281 1360 3342; x_wconf 78' lang='lat' dir='ltr'><strong>Coruus.</strong></span> 
     </span>
    </p>

    <p class='ocr_par' dir='ltr' id='par_1_8' title="bbox 292 3384 1363 3579">
     <span class='ocr_line' id='line_1_29' title="bbox 331 3384 1363 3466; baseline -0.002 -20"><span class='ocrx_word' id='word_1_244' title='bbox 331 3389 365 3446; x_wconf 84' lang='lat' dir='ltr'><strong>si</strong></span> <span class='ocrx_word' id='word_1_245' title='bbox 402 3387 497 3466; x_wconf 78' lang='lat' dir='ltr'><strong>quid</strong></span> <span class='ocrx_word' id='word_1_246' title='bbox 537 3387 716 3444; x_wconf 80' lang='lat' dir='ltr'><strong>iniuriis</strong></span> <span class='ocrx_word' id='word_1_247' title='bbox 753 3386 838 3442; x_wconf 80' lang='lat' dir='ltr'><strong>suis</strong></span> <span class='ocrx_word' id='word_1_248' title='bbox 869 3395 987 3458; x_wconf 84' lang='lat' dir='ltr'><strong>esset,</strong></span> <span class='ocrx_word' id='word_1_249' title='bbox 1020 3385 1122 3464; x_wconf 73' lang='lat' dir='ltr'><strong>quod</strong></span> <span class='ocrx_word' id='word_1_250' title='bbox 1153 3384 1363 3446; x_wconf 76' lang='lat' dir='ltr'><strong>Vestorius</strong></span> 
     </span>
     <span class='ocr_line' id='line_1_30' title="bbox 292 3481 1363 3579; baseline 0.001 -28"><span class='ocrx_word' id='word_1_251' title='bbox 292 3503 448 3553; x_wconf 83' lang='lat' dir='ltr'><strong>teneret.</strong></span> <span class='ocrx_word' id='word_1_252' title='bbox 499 3490 585 3566; x_wconf 85' lang='lat' dir='ltr'><strong>Quod</strong></span> <span class='ocrx_word' id='word_1_253' title='bbox 619 3491 645 3549; x_wconf 88' lang='lat' dir='ltr'><strong>si</strong></span> <span class='ocrx_word' id='word_1_254' title='bbox 683 3510 718 3548; x_wconf 85' lang='lat' dir='ltr'><strong>cx</strong></span> <span class='ocrx_word' id='word_1_255' title='bbox 747 3490 795 3547; x_wconf 89' lang='lat' dir='ltr'><strong>his</strong></span> <span class='ocrx_word' id='word_1_256' title='bbox 825 3481 935 3548; x_wconf 82' lang='lat' dir='ltr'><strong>verbis</strong></span> <span class='ocrx_word' id='word_1_257' title='bbox 950 3489 1085 3569; x_wconf 87' lang='lat' dir='ltr'><strong>aliquam</strong></span> <span class='ocrx_word' id='word_1_258' title='bbox 1115 3493 1242 3579; x_wconf 85' lang='lat' dir='ltr'><strong>omnino</strong></span> <span class='ocrx_word' id='word_1_259' title='bbox 1272 3511 1363 3570; x_wconf 82' lang='lat' dir='ltr'><strong>cogar</strong></span> 
     </span>
    </p>
   </div>
   <div class='ocr_carea' id='block_1_5' title="bbox 201 3594 1362 3675">
    <p class='ocr_par' dir='ltr' id='par_1_9' title="bbox 201 3594 1362 3675">
     <span class='ocr_line' id='line_1_31' title="bbox 201 3594 1362 3675; baseline -0.004 -15"><span class='ocrx_word' id='word_1_260' title='bbox 201 3653 204 3660; x_wconf 86' lang='lat'><strong>.</strong></span> <span class='ocrx_word' id='word_1_261' title='bbox 291 3598 401 3658; x_wconf 85' lang='lat' dir='ltr'><strong>elicere</strong></span> <span class='ocrx_word' id='word_1_262' title='bbox 428 3598 628 3668; x_wconf 87' lang='lat' dir='ltr'><strong>sententiam,</strong></span> <span class='ocrx_word' id='word_1_263' title='bbox 654 3594 874 3672; x_wconf 89' lang='lat' dir='ltr'><strong>interpretabor</strong></span> <span class='ocrx_word' id='word_1_264' title='bbox 904 3594 963 3654; x_wconf 92' lang='lat' dir='ltr'><strong>hoc</strong></span> <span class='ocrx_word' id='word_1_265' title='bbox 992 3595 1098 3654; x_wconf 88' lang='lat' dir='ltr'><strong>modo:</strong></span> <span class='ocrx_word' id='word_1_266' title='bbox 1135 3595 1203 3653; x_wconf 89' lang='lat' dir='ltr'><strong>Tibi</strong></span> <span class='ocrx_word' id='word_1_267' title='bbox 1230 3616 1287 3675; x_wconf 91' lang='lat' dir='ltr'><strong>pro</strong></span> <span class='ocrx_word' id='word_1_268' title='bbox 1307 3596 1362 3655; x_wconf 88' lang='lat' dir='ltr'><strong>be-</strong></span> 
     </span>
    </p>
   </div>
   <div class='ocr_carea' id='block_1_6' title="bbox 289 3697 1362 3780">
    <p class='ocr_par' dir='ltr' id='par_1_10' title="bbox 289 3697 1362 3780">
     <span class='ocr_line' id='line_1_32' title="bbox 289 3697 1362 3780; baseline -0.004 -18"><span class='ocrx_word' id='word_1_269' title='bbox 289 3702 399 3762; x_wconf 87' lang='lat' dir='ltr'><strong>neficio</strong></span> <span class='ocrx_word' id='word_1_270' title='bbox 426 3700 528 3774; x_wconf 90' lang='lat' dir='ltr'><strong>dedit,</strong></span> <span class='ocrx_word' id='word_1_271' title='bbox 561 3700 587 3756; x_wconf 88' lang='lat' dir='ltr'><strong>si</strong></span> <span class='ocrx_word' id='word_1_272' title='bbox 618 3697 694 3778; x_wconf 90' lang='lat' dir='ltr'><strong>quid</strong></span> <span class='ocrx_word' id='word_1_273' title='bbox 725 3707 801 3756; x_wconf 88' lang='lat' dir='ltr'><strong>esset</strong></span> <span class='ocrx_word' id='word_1_274' title='bbox 829 3699 951 3758; x_wconf 89' lang='lat' dir='ltr'><strong>iniuriis</strong></span> <span class='ocrx_word' id='word_1_275' title='bbox 977 3702 1058 3771; x_wconf 88' lang='lat' dir='ltr'><strong>suis,</strong></span> <span class='ocrx_word' id='word_1_276' title='bbox 1086 3699 1119 3757; x_wconf 92' lang='lat' dir='ltr'><strong>id</strong></span> <span class='ocrx_word' id='word_1_277' title='bbox 1146 3709 1210 3770; x_wconf 87' lang='lat' dir='ltr'><strong>est,</strong></span> <span class='ocrx_word' id='word_1_278' title='bbox 1240 3699 1362 3780; x_wconf 88' lang='lat' dir='ltr'><strong>siquid</strong></span> 
     </span>
    </p>
   </div>
   <div class='ocr_carea' id='block_1_7' title="bbox 197 3793 1363 4414">
    <p class='ocr_par' dir='ltr' id='par_1_11' title="bbox 197 3793 1363 4414">
     <span class='ocr_line' id='line_1_33' title="bbox 289 3793 1360 3884; baseline -0.004 -18"><span class='ocrx_word' id='word_1_279' title='bbox 289 3816 367 3866; x_wconf 86' lang='lat' dir='ltr'><strong>esset</strong></span> <span class='ocrx_word' id='word_1_280' title='bbox 400 3824 456 3864; x_wconf 89' lang='lat' dir='ltr'><strong>suu</strong></span> <span class='ocrx_word' id='word_1_281' title='bbox 493 3803 604 3864; x_wconf 90' lang='lat' dir='ltr'><strong>damno</strong></span> <span class='ocrx_word' id='word_1_282' title='bbox 634 3819 749 3880; x_wconf 90' lang='lat' dir='ltr'><strong>suaque</strong></span> <span class='ocrx_word' id='word_1_283' title='bbox 776 3803 907 3878; x_wconf 90' lang='lat' dir='ltr'><strong>iniuria,</strong></span> <span class='ocrx_word' id='word_1_284' title='bbox 932 3793 1016 3884; x_wconf 79' lang='lat' dir='ltr'><strong>quod</strong></span> <span class='ocrx_word' id='word_1_285' title='bbox 1043 3804 1197 3863; x_wconf 81' lang='lat' dir='ltr'><strong>Vestorius</strong></span> <span class='ocrx_word' id='word_1_286' title='bbox 1226 3812 1360 3866; x_wconf 89' lang='lat' dir='ltr'><strong>teneret:</strong></span> 
     </span>
     <span class='ocr_line' id='line_1_34' title="bbox 289 3907 1361 3992; baseline -0.001 -22"><span class='ocrx_word' id='word_1_287' title='bbox 289 3913 378 3992; x_wconf 90' lang='lat' dir='ltr'><strong>quasi</strong></span> <span class='ocrx_word' id='word_1_288' title='bbox 403 3910 579 3987; x_wconf 88' lang='lat' dir='ltr'><strong>ademptum</strong></span> <span class='ocrx_word' id='word_1_289' title='bbox 610 3907 670 3966; x_wconf 91' lang='lat' dir='ltr'><strong>sibi</strong></span> <span class='ocrx_word' id='word_1_290' title='bbox 690 3907 826 3986; x_wconf 86' lang='lat' dir='ltr'><strong>aliquid,</strong></span> <span class='ocrx_word' id='word_1_291' title='bbox 852 3927 886 3966; x_wconf 89' lang='lat' dir='ltr'><strong>ac</strong></span> <span class='ocrx_word' id='word_1_292' title='bbox 914 3910 1013 3968; x_wconf 90' lang='lat' dir='ltr'><strong>teneri</strong></span> <span class='ocrx_word' id='word_1_293' title='bbox 1037 3929 1055 3968; x_wconf 89' lang='lat' dir='ltr'><strong>a</strong></span> <span class='ocrx_word' id='word_1_294' title='bbox 1076 3909 1213 3968; x_wconf 80' lang='lat' dir='ltr'><strong>Vestorio</strong></span> <span class='ocrx_word' id='word_1_295' title='bbox 1230 3910 1361 3982; x_wconf 87' lang='lat' dir='ltr'><strong>diceret,</strong></span> 
     </span>
     <span class='ocr_line' id='line_1_35' title="bbox 288 4012 1361 4098; baseline 0 -23"><span class='ocrx_word' id='word_1_296' title='bbox 288 4015 371 4098; x_wconf 88' lang='lat' dir='ltr'><strong>quod</strong></span> <span class='ocrx_word' id='word_1_297' title='bbox 397 4015 499 4093; x_wconf 91' lang='lat' dir='ltr'><strong>aliqua</strong></span> <span class='ocrx_word' id='word_1_298' title='bbox 530 4014 595 4071; x_wconf 90' lang='lat' dir='ltr'><strong>eius</strong></span> <span class='ocrx_word' id='word_1_299' title='bbox 624 4012 736 4070; x_wconf 90' lang='lat' dir='ltr'><strong>iniuria</strong></span> <span class='ocrx_word' id='word_1_300' title='bbox 762 4013 857 4071; x_wconf 89' lang='lat' dir='ltr'><strong>fieret.</strong></span> <span class='ocrx_word' id='word_1_301' title='bbox 890 4013 994 4088; x_wconf 71' lang='lat' dir='ltr'><strong>«Nam,</strong></span> <span class='ocrx_word' id='word_1_302' title='bbox 1014 4021 1049 4071; x_wconf 93' lang='lat' dir='ltr'><strong>ut</strong></span> <span class='ocrx_word' id='word_1_303' title='bbox 1068 4015 1184 4072; x_wconf 76' lang='lat' dir='ltr'><strong>iniuria</strong></span> <span class='ocrx_word' id='word_1_304' title='bbox 1205 4015 1361 4074; x_wconf 87' lang='lat' dir='ltr'><strong>interdum</strong></span> 
     </span>
     <span class='ocr_line' id='line_1_36' title="bbox 288 4117 1363 4197; baseline -0.004 -14"><span class='ocrx_word' id='word_1_305' title='bbox 288 4121 427 4183; x_wconf 89' lang='lat' dir='ltr'><strong>adverbii</strong></span> <span class='ocrx_word' id='word_1_306' title='bbox 454 4118 521 4178; x_wconf 92' lang='lat' dir='ltr'><strong>loco</strong></span> <span class='ocrx_word' id='word_1_307' title='bbox 548 4117 705 4196; x_wconf 90' lang='lat' dir='ltr'><strong>ponimus,</strong></span> <span class='ocrx_word' id='word_1_308' title='bbox 739 4125 789 4176; x_wconf 86' lang='lat' dir='ltr'><strong>ut:</strong></span> <span class='ocrx_word' id='word_1_309' title='bbox 817 4117 934 4175; x_wconf 77' lang='lat' dir='ltr'><strong>iniuria</strong></span> <span class='ocrx_word' id='word_1_310' title='bbox 955 4118 1042 4197; x_wconf 83' lang='lat' dir='ltr'><strong>focis</strong></span> <span class='ocrx_word' id='word_1_311' title='bbox 1071 4117 1140 4195; x_wconf 80' lang='lat' dir='ltr'><strong>hoc,</strong></span> <span class='ocrx_word' id='word_1_312' title='bbox 1166 4121 1210 4178; x_wconf 90' lang='lat' dir='ltr'><strong>sic</strong></span> <span class='ocrx_word' id='word_1_313' title='bbox 1239 4120 1363 4179; x_wconf 84' lang='lat' dir='ltr'><strong>videtur</strong></span> 
     </span>
     <span class='ocr_line' id='line_1_37' title="bbox 288 4221 1359 4309; baseline -0.006 -21"><span class='ocrx_word' id='word_1_314' title='bbox 288 4245 455 4309; x_wconf 87' lang='lat' dir='ltr'><strong>pronomen</strong></span> <span class='ocrx_word' id='word_1_315' title='bbox 493 4221 565 4282; x_wconf 91' lang='lat' dir='ltr'><strong>addi</strong></span> <span class='ocrx_word' id='word_1_316' title='bbox 582 4240 703 4308; x_wconf 85' lang='lat' dir='ltr'><strong>posse,</strong></span> <span class='ocrx_word' id='word_1_317' title='bbox 728 4230 762 4279; x_wconf 90' lang='lat' dir='ltr'><strong>ut</strong></span> <span class='ocrx_word' id='word_1_318' title='bbox 790 4221 910 4280; x_wconf 89' lang='lat' dir='ltr'><strong>dicatur</strong></span> <span class='ocrx_word' id='word_1_319' title='bbox 936 4223 1056 4280; x_wconf 79' lang='lat' dir='ltr'><strong>iniuria</strong></span> <span class='ocrx_word' id='word_1_320' title='bbox 1086 4245 1150 4282; x_wconf 84' lang='lat' dir='ltr'><strong>meo</strong></span> <span class='ocrx_word' id='word_1_321' title='bbox 1167 4226 1257 4304; x_wconf 81' lang='lat' dir='ltr'><strong>focis</strong></span> <span class='ocrx_word' id='word_1_322' title='bbox 1284 4225 1359 4283; x_wconf 78' lang='lat' dir='ltr'><strong>hoc:</strong></span> 
     </span>
     <span class='ocr_line' id='line_1_38' title="bbox 197 4328 1362 4414; baseline -0.003 -21"><span class='ocrx_word' id='word_1_323' title='bbox 197 4357 201 4364; x_wconf 82' lang='lat'><em>·</em></span> <span class='ocrx_word' id='word_1_324' title='bbox 287 4329 544 4414; x_wconf 87' lang='lat' dir='ltr'><strong>quemadmodum</strong></span> <span class='ocrx_word' id='word_1_325' title='bbox 575 4328 719 4408; x_wconf 81' lang='lat' dir='ltr'><strong>ingratiis</strong></span> <span class='ocrx_word' id='word_1_326' title='bbox 743 4335 772 4387; x_wconf 88' lang='lat' dir='ltr'><strong>et</strong></span> <span class='ocrx_word' id='word_1_327' title='bbox 803 4328 947 4408; x_wconf 80' lang='lat' dir='ltr'><strong>ingratiis</strong></span> <span class='ocrx_word' id='word_1_328' title='bbox 977 4331 1059 4410; x_wconf 84' lang='lat' dir='ltr'><strong>tuis,</strong></span> <span class='ocrx_word' id='word_1_329' title='bbox 1078 4333 1182 4390; x_wconf 82' lang='lat' dir='ltr'><strong>merito</strong></span> <span class='ocrx_word' id='word_1_330' title='bbox 1203 4340 1234 4394; x_wconf 88' lang='lat' dir='ltr'><strong>et</strong></span> <span class='ocrx_word' id='word_1_331' title='bbox 1256 4331 1362 4391; x_wconf 81' lang='lat' dir='ltr'><strong>merito</strong></span> 
     </span>
    </p>
   </div>
   <div class='ocr_carea' id='block_1_8' title="bbox 0 0 1494 5186">
    <p class='ocr_par' dir='ltr' id='par_1_12' title="bbox 0 0 1494 5186">
     <span class='ocr_line' id='line_1_39' title="bbox 0 0 1494 5186; baseline 0 6"><span class='ocrx_word' id='word_1_332' title='bbox 0 0 1494 5186; x_wconf 95' lang='lat' dir='ltr'><strong> </strong></span> 
     </span>
    </p>
   </div>
  </div>
 </body>
</html>
