3034 5166
792 363 879 422 ,96

317 573 496 640 confeceram,
523 577 637 628 civitates
661 573 843 642 locupletatam
859 573 1023 642 publicanis]
1040 602 1057 612 -
1073 574 1207 638 conferam
1223 576 1347 628 civitatee
1361 578 1406 630 la-

317 664 434 730 cupletar
461 667 490 716 in
517 665 591 736 publ.
620 692 655 704 -
678 663 832 732 superioris]
859 692 876 701 -
899 663 1079 730 superioribus
1100 689 1136 704 —··
1158 667 1356 734 somersetam]
1388 694 1406 710 -

318 758 499 805 somersetam
521 783 554 795 —-
576 752 770 821 militaremque
793 769 851 803 rem
874 751 1053 821 collocassem]
1081 782 1098 794 ·
1120 755 1314 825 militaremque
1334 773 1406 808 can·

316 843 436 894 locarem.

253 1080 256 1085 ¹
281 1025 286 1034 ’
353 993 513 1091 Epistola
534 1022 617 1074 xvir.
644 1023 670 1089 5.
694 1024 719 1074 1.
741 1022 934 1091 eripiebantur,
961 1022 1087 1092 negabat]
1108 1053 1125 1066 -
1142 1025 1294 1092 eripiantur
1314 983 1404 1092 nega-

321 1114 385 1164 bant
406 1139 441 1152 -
463 1130 496 1164 ne
524 1114 608 1183 quod]
637 1144 654 1155 -
680 1130 712 1164 ne
734 1113 800 1178 quid
814 1141 850 1154 -·-
863 1113 986 1181 adeptus]
1007 1142 1024 1152 -
1041 1114 1177 1181 ademptus
1190 1113 1357 1166 -consules
1375 1133 1403 1166 se

317 1202 374 1271 bis]
395 1232 412 1243 -
429 1218 498 1256 cone.
512 1205 585 1273 (cnm
600 1203 662 1269 lin.)
686 1219 737 1253 esse
754 1202 794 1252 his
809 1229 845 1244 ..
861 1204 888 1268 5.
906 1203 932 1252 2.
947 1203 1047 1270 posset]
1069 1230 1085 1241 -
1100 1202 1186 1270 possit
1202 1232 1238 1242 -
1256 1205 1283 1269 5.
1300 1205 1326 1254 3.
1342 1215 1403 1256 tum

320 1292 391 1360 eius]
413 1320 430 1330 -
448 1309 507 1343 nem
522 1311 543 1344 e.
561 1322 596 1333 -
613 1295 640 1360 5.
657 1293 683 1344 ὅ.
705 1292 789 1343 adhuc
814 1291 979 1360 incubuisse]
1001 1320 1018 1331 -
1037 1292 1121 1342 adhuc
1143 1297 1182 1344 est
1203 1293 1351 1344 incubuisse
1368 1323 1405 1336 -

319 1381 359 1433 td.
373 1381 455 1450 Nom]
474 1412 490 1423 -
504 1383 564 1434 idus
575 1399 636 1434 nov.
653 1411 688 1424 -·
701 1382 811 1450 audent]
832 1409 849 1420 -
868 1381 982 1432 arcaeant
998 1409 1033 1422 -
1047 1381 1209 1450 consulatus]
1230 1411 1247 1422 -
1261 1385 1355 1434 consul
1369 1412 1404 1424 -

320 1469 490 1523 defendetur:
520 1475 542 1523 si
563 1474 759 1523 intercessorem
782 1471 865 1539 (quod
886 1471 1019 1538 ridentur)
1042 1470 1250 1538 reformidarint]
1272 1500 1288 1510 -
1308 1471 1406 1536 desen-

321 1558 398 1608 detur
421 1561 614 1611 intercessorem
637 1563 661 1610 si
682 1562 755 1628 quod
779 1562 902 1613 viderunt
933 1561 1145 1626 reformidarunt
1166 1590 1200 1600 -
1223 1562 1251 1628 5.
1275 1562 1301 1611 6.
1323 1561 1406 1614 habet

320 1632 409 1716 utilis]
438 1677 454 1688 -
468 1649 544 1699 habet
557 1654 589 1701 ut
605 1651 651 1700 illa
665 1678 699 1691 --
713 1652 740 1716 5.
758 1651 783 1700 ⁷.
800 1650 845 1700 sed
860 1649 957 1717 quum]
984 1678 1001 1688 -
1020 1650 1065 1700 sed
1082 1667 1134 1717 quo
1158 1667 1220 1704 cum
1242 1649 1348 1701 lineola·
1368 1679 1405 1691 -

320 1739 357 1790 sic
372 1729 431 1806 agas
441 1722 515 1807 rogo.
526 1739 616 1808 Vale]
635 1769 651 1780 -
668 1741 705 1791 sic
720 1756 800 1805 agros
813 1756 877 1804 rogo
897 1725 990 1790 Deest:
1013 1739 1088 1790 Vale.

354 1919 514 1988 Epistola
539 1919 635 1971 xvtn.
661 1919 687 1986 5.
710 1919 735 1970 l.
753 1928 812 1969 sunt
828 1915 951 1985 decursa]
971 1945 987 1956 -
1003 1920 1065 1966 sunt
1081 1915 1112 1965 cle
1128 1932 1210 1967 causa
1226 1943 1261 1957 -
1274 1915 1404 1986 hebes]-

319 2009 446 2060 tates-
464 2012 489 2076 5.
509 2010 534 2059 2.
552 2009 639 2060 Velles
655 2007 686 2060 C.
701 2007 858 2075 Curionem]
879 2036 895 2046 -
915 2007 992 2058 Voles
1010 2008 1091 2056 cicero
1108 2007 1241 2056 carrionem
1259 2033 1295 2046 ·-
1314 2007 1402 2058 inter-

319 2098 457 2166 cessionis]
479 2099 703 2149 -intercessiones
720 2124 755 2140 —
775 2095 890 2164 exitum]
920 2125 936 2135 -
960 2097 1069 2146 exitia-m
1085 2111 1197 2145 —eum
1220 2094 1253 2145 de
1271 2097 1402 2149 interces-

320 2187 408 2254 sione]
428 2216 445 2227 -
460 2203 519 2237 cum
534 2189 627 2237 int.-
641 2204 702 2237 cum
718 2185 798 2236 tribb.
814 2185 869 2253 pl.]
891 2216 907 2225 -
927 2201 986 2235 cum
1003 2185 1258 2252 tribunusplebis-
1270 2187 1405 2239 stomacho

321 2288 359 2328 est
383 2277 495 2343 scilicet]
516 2305 533 2316 -
548 2276 696 2326 stomachus
718 2277 813 2325 seilicet
827 2304 861 2313 -
875 2275 986 2343 placeat]
1002 2303 1025 2348 ¹-
1039 2275 1162 2341 placeant
1178 2301 1214 2314 --
1228 2284 1258 2325 ut
1272 2292 1321 2326 nec
1336 2278 1403 2327 ratio

320 2376 387 2430 esset
402 2367 458 2415 cius
471 2365 589 2416 habenda
606 2367 652 2432 qui
670 2380 757 2430 neque
774 2364 931 2432 exercitum]
953 2392 970 2402 -
987 2367 1018 2412 ut
1035 2364 1138 2413 ratione
1153 2364 1208 2413 eius
1218 2364 1336 2416 habenda
1354 2369 1405 2432 qui

319 2449 460 2504 exercitum
483 2469 565 2519 neque
587 2482 621 2492 -
642 2452 766 2520 traderet]
789 2480 805 2490 -
823 2452 927 2502 tradere
943 2479 978 2491 -
994 2453 1045 2515 sit,
1065 2469 1125 2502 cum
1146 2453 1297 2522 cognoscet]
1320 2455 1404 2505 -iste

319 2559 377 2594 cum
394 2558 546 2607 cognoscam
561 2571 595 2582 —
611 2541 743 2609 futurum]
765 2570 781 2581 -
794 2541 912 2606 futurus
929 2569 962 2579 -
979 2551 1021 2591 aut
1035 2557 1089 2590 non
1101 2541 1195 2609 possit]
1215 2541 1316 2592 Desunt
1327 2533 1403 2594 baec.

354 2720 514 2792 Epistola
530 2720 599 2772 xlx.
616 2720 645 2772 S.
663 2720 695 2771 D.
712 2719 746 2771 Μ.
765 2720 877 2788 Clamo]
899 2748 915 2760 -
932 2721 1042 2770 salutem
1058 2720 1121 2770 dicit
1137 2722 1349 2772 m...ce...tio
1367 2748 1404 2763 ·-

319 2811 346 2878 5.
356 2811 380 2861 1.
389 2809 518 2878 solicitus]
539 2838 556 2849 -
573 2810 738 2860 solticitus—
745 2799 902 2877 solicitabat]
915 2838 931 2848 -
940 2807 1097 2858 sollicitatas
1106 2837 1122 2849 -
1132 2809 1274 2880 molestiis]
1285 2839 1302 2850 -
1312 2811 1402 2864 mole-

317 2903 363 2952 stis
373 2928 409 2942 -
422 2901 449 2966 5.
463 2899 488 2951 3.
505 2900 654 2976 Diogenes]
667 2929 683 2939 -
698 2900 822 2965 diogenus
835 2927 870 2939 -—
886 2897 1016 2949 habebant
1031 2897 1063 2947 ad
1080 2898 1230 2950 Deiotarum
1246 2899 1364 2969 Regem]
1384 2930 1401 2941 -

212 3034 214 3038 .
319 2992 446 3042 habebant
460 2991 646 3056 adiutoregem.
663 3019 698 3032 -
716 2993 744 3058 5.
762 2991 788 3042 4.
806 3008 854 3058 ego
870 2990 902 3039 sb
916 2987 1101 3055 adolescentia]
1122 3017 1157 3028 -
1173 2989 1403 3052 egoabuieecentia

322 3079 383 3146 (sic)
401 3105 436 3118 -
451 3078 553 3128 sordida
569 3090 607 3130 est
624 3081 671 3147 iis]
699 3109 716 3119 -
738 3080 845 3130 sordida
860 3081 893 3130 iis
909 3107 944 3119 -
961 3080 987 3144 5.
1005 3079 1031 3129 5.
1050 3095 1129 3145 quam
1148 3095 1182 3128 cx
1198 3079 1362 3146 conservata]
1385 3108 1402 3119 -

319 3183 401 3232 quam
417 3171 455 3218 est
478 3183 509 3218 ea
533 3183 602 3218 cons.
623 3197 657 3207 -
681 3183 755 3235 spem
771 3168 899 3236 triumphi
924 3166 1037 3233 inquis?
1056 3167 1130 3234 satis]
1151 3195 1167 3206 -
1185 3182 1254 3233 spem
1271 3169 1403 3234 triumphi

319 3257 461 3322 inquitatis
479 3273 605 3326 superscr.
630 3274 661 3321 s,
684 3266 714 3306 ut
738 3257 788 3305 sit:
806 3273 862 3323 spes
877 3266 903 3306 ct
918 3257 947 3304 ni
964 3273 1041 3324 super
1057 3273 1111 3306 voc.
1128 3257 1280 3320 inquisatis.
1297 3259 1401 3307 -tri-

316 3345 491 3415 umpharem,
510 3347 532 3396 si
549 3346 617 3414 non]
639 3373 655 3385 -
672 3344 864 3410 triumpharem
880 3360 934 3394 non
950 3370 984 3386 -
1002 3346 1028 3410 5.
1047 3341 1072 3394 6.
1086 3343 1220 3412 epistolas]
1235 3374 1251 3385 -
1261 3345 1398 3414 epistulas.

351 3546 507 3615 Dpistola
530 3545 587 3597 XX.
615 3547 642 3613 5.
666 3546 835 3602 1.‚assensus
857 3554 895 3594 est
918 3546 957 3613 ei]
987 3574 1003 3584 -
1027 3545 1150 3595 adsensm
1170 3546 1214 3596 sed
1229 3547 1252 3597 et
1271 3563 1401 3615 superscr.

317 3639 364 3685 est.
384 3661 419 3676 ·-
442 3636 600 3704 sequuntur]
625 3637 779 3684 -secuntur
799 3651 925 3702 superscr.
949 3651 981 3698 r,
1010 3645 1038 3684 ut
1053 3637 1101 3685 sit:
1121 3639 1256 3686 seruntur.
1273 3664 1308 3674 -
1327 3637 1353 3702 5.
1373 3637 1401 3688 2.

317 3724 355 3775 dii
379 3724 535 3794 approbent]
562 3753 578 3763 -
600 3724 628 3774 di
655 3723 849 3790 adprobent-
876 3723 902 3790 5.
924 3723 949 3774 l.
976 3722 1110 3790 Caelium]
1140 3751 1156 3762 -
1178 3724 1287 3772 coelium
1307 3749 1342 3764 ·-
1365 3723 1401 3775 At

316 3822 497 3882 quaestorem,
529 3823 554 3864 at
585 3831 610 3863 n.
641 3812 845 3878 adolescentem,
879 3814 917 3882 at]
946 3843 962 3853 -
989 3813 1024 3862 ad
1052 3832 1078 3878 q.
1105 3812 1140 3861 aa
1159 3829 1187 3862 n.
1211 3811 1400 3864 adulescentem

315 3905 350 3954 ael
379 3914 418 3955 ter
449 3922 575 3974 superscr.
604 3907 624 3955 t.
648 3932 682 3943 -
708 3902 842 3972 exemplo]
872 3931 889 3942 -
913 3903 1025 3968 exempla
1042 3887 1175 3968 superscr.
1200 3917 1265 3959 um‚·
1289 3910 1319 3951 ut
1343 3903 1398 3953 sit:

315 3995 457 4062 exemptum
481 4023 517 4036 -
540 3995 616 4062 usus]
646 4023 662 4035 -
687 4011 752 4046 usus
772 4011 898 4063 superscr.
921 3991 1046 4041 nllus-
1069 3989 1236 4059 Pomptinus]
1264 4019 1281 4030 -
1295 4008 1399 4060 pomp-

316 4086 389 4135 tinns
413 4084 459 4134 sed
480 4063 537 4135 ³del.
564 4090 585 4137 t.
606 4114 640 4127 -
663 4085 809 4153 impetrari]
835 4107 851 4123 ·-
871 4083 997 4149 imperari
1018 4109 1053 4121 —-
1077 4083 1099 4132 si
1120 4081 1300 4150 reliquissem]
1326 4109 1345 4122 -
1374 4086 1400 4134 si

313 4176 491 4243 relinquissem
513 4203 546 4213 -
572 4175 598 4240 5.
620 4176 646 4226 5.
671 4177 743 4225 enim
766 4191 819 4225 non
842 4171 939 4242 potest]
965 4202 981 4211 -
1003 4173 1070 4222 enim
1083 4175 1172 4240 potest
1187 4186 1314 4239 superscr.
1330 4187 1396 4224 non.

314 4293 349 4308 -
366 4265 393 4332 5.
416 4265 441 4315 6.
462 4263 594 4329 llatrinio]
623 4293 638 4304 -
662 4265 788 4314 matrinia
809 4279 869 4313 cum
892 4261 939 4312 liu.
963 4279 1039 4330 super
1053 4261 1093 4312 lit.
1111 4279 1138 4336 n.
1152 4279 1167 4311 a
1181 4277 1233 4314 sec.
1247 4277 1346 4325 menn,
1366 4273 1398 4312 ut

311 4357 357 4406 sit:
377 4354 530 4406 matrinnio.
