3012 5182
221 673 258 748 2.
307 676 353 745 Ut
389 687 481 744 nuuc
515 669 585 752 est,
622 671 717 745 nulla
751 691 872 764 magno
904 683 1008 764 opere
1031 671 1226 764 exspectatio

170 818 246 877 est.
283 805 367 875 Nam
403 811 438 874 et
471 801 523 870 itti
562 807 713 870 rumores
735 801 781 868 de
813 799 958 870 comitiis
982 795 1231 891 Transpadano

168 952 246 1004 rum
281 931 466 1004 Cumarum
499 939 600 999 tenus
622 927 829 1030 'calueru'ntz
860 927 1000 998 Romam
1034 943 1142 1022 quum
1171 951 1231 999 re·

168 1062 317 1147 nissem,
351 1079 394 1128 ne
417 1055 646 1127 tenuissimam
670 1054 811 1149 quidem
836 1053 1043 1125 auditionem
1068 1053 1112 1123 de
1133 1039 1171 1125 do
1194 1074 1231 1125 re

163 1187 299 1279 accept.
348 1184 524 1255 Praeterea
550 1181 752 1271 Marcellus,
775 1181 891 1275 qnod¹
927 1181 1041 1252 adhuc
1070 1182 1156 1252 nihil
1181 1204 1230 1255 re

163 1313 252 1382 tulit
287 1311 333 1382 do
356 1313 566 1382 successione
588 1297 863 1404 'provinciarum
895 1297 1084 1380 Gailidro'tn
1109 1314 1169 1380 ott
1195 1313 1230 1381 iu

164 1431 335 1516 Kalendas
370 1425 504 1528 Iunias,
541 1447 582 1512 ut
616 1436 699 1506 mihi
733 1438 806 1531 ipse
840 1435 948 1526 dixit,
985 1461 1061 1508 earn
1095 1438 1230 1512 distulit

166 1553 387 1658 relationem,
423 1581 605 1662 saneqoom
640 1581 696 1636 aas
724 1581 899 1636 ‘sermones
931 1569 1095 1663 expressit
1105 1583 1130 1658 ⁴,
1166 1571 1229 1664 qut

46 1707 48 1714 ’
166 1699 211 1768 de
231 1689 378 1770 aaroni
393 1690 560 1785 fuerant⁸,
585 1680 694 1788 (fuum
719 1693 928 1766 Romaanus
953 1681 1111 1766 essemus.
1217 1693 1220 1702 ’

215 1819 251 1894 3.
301 1823 354 1893 Tu
386 1823 413 1892 si
433 1807 667 1916 Pompeium,
704 1831 743 1890 ut
770 1821 929 1911 volebas,
955 1807 1144 1896 offendisti.-
1166 1830 1227 1923 qui

167 1951 229 2022 tibi
273 1951 364 2021 visus
405 1951 449 2020 sit
491 1960 525 2020 et
560 1973 664 2044 quam
700 1952 883 2020 orationem
919 1948 1078 2022 habuerit
1114 1966 1228 2026 tecum

165 2098 340 2174 quamque
373 2076 557 2181 ostenderit
589 2075 799 2147 voluntatem
829 2066 884 2154 -,-”
904 2076 990 2148 solet
1018 2081 1107 2150 enim
1133 2073 1227 2154 aliud

160 2209 289 2278 sentire
323 2218 358 2277 et
386 2207 487 2301 ‘loqui
518 2227 632 2300 neque
663 2216 823 2277 tanturm
856 2205 968 2276 valere
997 2209 1149 2301 ingenio,
1188 2223 1228 2280 ut

164 2356 232 2406 non
258 2334 443 2430 appareat,
469 2334 579 2430 quid⁷
607 2335 744 2427 cupiat:
766 2375 816 2386 -
838 2333 891 2405 fac
916 2335 999 2406 mihi
1027 2337 1226 2434 perscribas.

159 2531 162 2536 .
212 2461 249 2534 4.
299 2441 400 2550 Quod
419 2439 725 2550 ‘adbocsarourt
761 2462 872 2533 crebri
908 2474 943 2532 et
979 2488 1047 2540 non
1077 2467 1161 2543 belli
1183 2468 1227 2542 de

105 2651 108 2658 .
164 2611 204 2662 eo
251 2585 437 2676 1111110111)Ι
467 2588 526 2658 sed
565 2601 798 2660 susurratores
827 2587 1026 2682 dumtaxat,
1064 2595 1232 2670 veniunt:

164 2715 251 2788 alius
286 2689 435 2812 equitem
468 2707 676 2810 perdidisse,
714 2715 827 2811 quod,
865 2716 1006 2810 opinor,
1048 2732 1140 2806 certe
1181 2715 1226 2796 sa·

160 2851 259 2916 ctum
305 2858 405 2932 cett,
437 2845 550 2914 aiios·
586 2846 809 2936 septimanam
855 2845 1022 2938 legionum
1070 2849 1227 2942 vapulas

158 2997 219 3064 sc,
257 2973 369 3074 ipsum
395 2959 505 3076 ¹aptrd
535 2961 727 3070 Bellovacos
762 2971 1025 3076 circumsederi,
1063 2965 1227 3074 interclu-

162 3125 237 3170 sum
271 3065 482 3192 arbreiiquo
517 3069 687 3167 exercitu:
723 3121 835 3193 noque
868 3099 981 3169 adhuc
1013 3101 1104 3170 certi·
1126 3105 1227 3198 quid.

161 3253 265 3324 quam
324 3240 392 3315 est,
453 3249 565 3321 nequc
612 3226 695 3296 haec
744 3228 872 3296 incerta
922 3237 1035 3297 tamen
1047 3245 1074 3284 1⁰
1123 3221 1226 3326 uulgo

161 3359 348 3425 iactantur:
396 3353 455 3423 sed
504 3354 591 3422 inter
636 3377 782 3447 paucos,
820 3377 905 3447 quos
944 3365 982 3423 tu
1018 3360 1126 3447 nosti,
1163 3385 1225 3456 pa-

160 3483 265 3552 laurll
299 3494 428 3552 secreto
459 3495 658 3552 narrantur:
693 3495 728 3551 at
755 3481 944 3572 Domitius,
970 3507 1078 3578 quum
1105 3509 1224 3558 manus

160 3610 203 3680 ad
229 3633 265 3681 os
290 3610 459 3702 apposuit.

212 3733 245 3803 5.
298 3732 345 3802 Te
379 3721 409 3803 a.
446 3734 480 3805 d.
516 3760 560 3804 rx.
597 3734 670 3805 Kal.
706 3735 817 3806 Iunias
851 3735 1082 3830 subrostrani,
1113 3744 1222 3844 (quod

202 3975 243 4044 (1)
262 3955 296 4013 '-
315 3975 402 4024 Marc.
427 3971 530 4038 quidem
552 3970 623 4022 Crot-
645 3971 737 4022 Laud».
757 3973 796 4040 (1)
815 4001 850 4013 —
866 3974 1024 4040 1.ρνουίηε.
1041 3974 1104 4027 Ern.
1124 3979 1166 4046 [}.
1189 4009 1223 4022 .-

159 4062 288 4114 del.Sch.
326 4063 365 4131 (3)
385 4093 419 4101 —
436 4066 529 4112 0111.ιὶ
547 4059 722 4112 Crat.Lamb.
760 4061 799 4130 (4)
819 4063 1094 4128 -repressr'tLomb
1131 4069 1170 4136 (5)
1189 4100 1223 4112 -.

153 4153 269 4217 fuorunt
285 4152 347 4203 11111.
367 4152 429 4204 Soh.
467 4152 507 4221 (6)
526 4181 560 4192 -
579 4169 660 4220 neque
676 4157 763 4204 tamen
781 4157 887 4204 tantum
900 4153 982 4222 Neop.
1000 4155 1091 4208 Lamh.
1128 4160 1168 4228 (7)
1187 4191 1222 4202 -

157 4258 236 4309 app„
260 4245 292 4291 ut
316 4243 381 4308 quid
401 4243 453 4294 tta.
491 4243 530 4309 (8)
558 4271 593 4284 -
617 4243 653 4293 ad
678 4243 706 4293 0.
724 4245 820 4294 attinet
836 4243 916 4313 Neap.
934 4244 1025 4296 Lomb.
1062 4247 1102 4316 (9)
1119 4279 1151 4288 -
1169 4268 1221 4305 em

156 4329 239 4399 Ncap.
256 4330 345 4400 Antiq.
362 4331 454 4382 Lamh.
472 4361 506 4368 -
525 4347 578 4380 orn.
602 4335 639 4382 est
661 4331 729 4383 Crat.
753 4333 799 4398 (ω
815 4333 910 4398 fiotum
927 4331 1005 4386 Heni.
1025 4335 1117 4404 steph.
1133 4343 1217 4408 susp.)

157 4423 214 4489 (10)
225 4425 367 4475 —incerta
382 4424 484 4490 quidem
503 4426 588 4471 tamen
605 4421 675 4472 Crat.
691 4451 725 4462 -·
739 4423 791 4474 dol.
808 4428 895 4476 tamen
912 4423 1005 4476 Groer.
1025 4425 1081 4492 (11)
1096 4455 1131 4465 -
1140 4430 1219 4492 ptam

157 4511 224 4564 Orat.
242 4512 308 4564 Vict.
327 4515 350 4563 2.
370 4512 460 4564 Lamb.
609 4507 613 4513 ⁴

1019 4632 1066 4692 1*
