3034 5166
666 369 709 428 73

136 580 165 646 si
202 580 236 647 in
267 576 403 669 repulsa
431 575 572 646 Domitii
610 577 745 646 vultum
777 575 923 646 vidisses.
986 575 1105 672 Magna
1139 581 1198 654 itin

137 703 274 774 comitia
303 701 444 772 fuerunt
480 709 515 769 et
549 697 650 791 plene
687 699 821 768 studia¹
856 723 895 769 ex
926 702 1075 793 partium
1099 723 1200 774 sensu

136 839 392 923 apparuerunt:
428 827 588 922 perpauci
613 825 895 896 necessitudinem
919 832 1026 898 secuti
1049 827 1199 901 officium

134 957 393 1050 praestiterunt.
454 951 572 1046 Itaque
604 951 688 1022 mihi
722 963 773 1023 est
808 953 975 1024 Domitius
1010 956 1199 1028 inirnicimi·

135 1103 239 1171 mus,
286 1091 328 1150 ut
372 1101 416 1150 ne
447 1079 645 1148 familiarem
680 1080 821 1172 quidem
858 1105 959 1152 mum
991 1107 1199 1179 quemquam

135 1190 210 1275 tam
248 1206 381 1295 oderit,
414 1227 517 1299 qinom
553 1229 629 1276 me:
663 1217 767 1302 etque
800 1229 841 1279 co
874 1211 1001 1303 magis,
1025 1211 1119 1305 quod
1135 1233 1200 1304 per

133 1332 294 1401 iniuriam
339 1330 403 1402 sibi
445 1341 548 1424 putat
589 1344 768 1428 ereptum,
815 1336 938 1404 cuius²
980 1361 1044 1433 ego
1080 1349 1200 1408 auctor

132 1457 268 1528 fuerim.
316 1456 414 1528 Nunc
446 1456 530 1527 feurit
562 1468 632 1527 tam
668 1461 796 1551 gavisos
829 1459 981 1531 homines
1014 1483 1114 1533 suum
1136 1462 1198 1534 do·

131 1587 266 1676 lorem,
291 1585 322 1680 †
348 1591 525 1680 unumque
546 1609 601 1656 me
623 1586 858 1659 studiosiorem
887 1589 1038 1660 Antonii.
1087 1589 1198 1662 Nom⁸

132 1715 195 1786 Cn.
240 1713 461 1785 Saturninum
508 1713 758 1786 adolescentem
809 1717 882 1808 ipsc
927 1716 989 1786 Cn.
1027 1715 1196 1786 Domitius

133 1863 233 1912 reum
266 1840 370 1929 fecit,
403 1863 585 1934 sanequem
610 1843 782 1934 superiore
813 1843 949 1911 avita*
972 1841 1197 1912 invidiosum:

134 1968 233 2065 quod
266 1969 429 2038 indicium
465 1991 558 2038 nunc
591 1970 628 2037 in
664 1968 913 2061 exspectatione
948 1979 1022 2058 est,
1066 1969 1196 2039 etiam⁸

133 2099 172 2166 in
207 2095 295 2166 bona
332 2117 392 2190 spe
404 2147 415 2185 ,
451 2105 528 2188 post
562 2093 638 2164 Sex.
674 2093 841 2165 Peducaei
878 2094 1135 2167 absolutionem.

180 2219 216 2290 2.
266 2221 317 2292 De
349 2245 480 2292 summe
511 2245 549 2292 re
572 2220 737 2315 publice⁶
769 2245 869 2316 saepe
890 2220 953 2292 tibi
974 2222 1116 2316 scripsi,
1139 2245 1196 2294 me

133 2373 262 2421 annum
293 2359 441 2442 pacem⁷
474 2371 544 2419 non
567 2347 704 2417 videre:
739 2357 774 2416 et
797 2369 867 2440 quo
891 2349 1032 2442 propius
1053 2371 1092 2418 eo
1113 2371 1195 2420 con·

131 2477 264 2566 tentio,
297 2498 402 2570 quam
431 2472 505 2542 fieri
539 2495 672 2543 neccsse
705 2484 781 2562 ost,
818 2473 970 2564 accedit,
1004 2498 1045 2546 eo
1069 2475 1193 2545 clarius

130 2603 169 2672 id
193 2599 386 2698 periculum
406 2612 560 2696 apparet.
609 2601 823 2696 Propositum
843 2599 909 2672 hoc
934 2611 1009 2691 est,
1034 2600 1193 2697 dequo,

130 2726 193 2824 qui
225 2751 338 2800 rerum
374 2731 578 2823 potiuntur,
613 2741 694 2798 sunt
725 2728 941 2798 dimicaturi:
988 2728 1107 2822 qnodr
1130 2728 1192 2799 Cn.

131 2855 313 2950 Pompeius
349 2858 525 2928 constituit
558 2879 627 2927 non
661 2857 733 2950 poti
759 2855 798 2925 C.
823 2854 996 2924 Caesarem
1022 2852 1194 2923 consulem

132 2983 234 3053 aliter
265 2983 364 3075 fieri,
400 2985 464 3052 nisi
501 2984 687 3054 exercitum
724 2991 760 3051 et
782 2980 971 3075 provincias
994 2977 1194 3050 tradiderit:

145 3135 390 3150 m

174 3206 216 3274 (1)
234 3233 269 3246 ·-
280 3207 320 3273 pt.
337 3205 383 3255 itta
396 3205 484 3255 studio
497 3204 566 3257 Cret.
603 3205 643 3274 (2)
653 3207 785 3274 :quoius
799 3205 850 3256 did.
866 3204 935 3255 Vict.
946 3206 971 3256 2.
987 3204 1081 3257 Green.
1098 3203 1196 3278 Bened.

135 3295 227 3361 (3)-
243 3308 460 3360 unumquemooe
474 3295 648 3346 studiosorem
667 3295 728 3362 (cio)
752 3295 935 3344 Antonianum
961 3293 1009 3342 Gn.
1034 3293 1064 3344 S.
1084 3291 1136 3342 lid.
1160 3317 1196 3330 --

129 3398 263 3449 unumque
293 3385 378 3432 movet
409 3383 591 3433 studiosiorem
622 3383 744 3434 Antonii.
772 3372 845 3432 Nom
870 3381 917 3430 Gn.
950 3380 979 3432 S.
1004 3378 1100 3430 Bened.
1127 3377 1195 3432 Sene

133 3471 314 3540 improbabilis
337 3473 415 3522 etism
438 3462 538 3541 vulgata
562 3482 587 3522 et
603 3472 725 3524 obscurae
740 3471 891 3522 sententies.
918 3467 1006 3520 'Venit
1019 3469 1048 3518 in
1063 3476 1194 3518 mentem:

132 3560 263 3626 dolorem,
300 3562 336 3612 ud
360 3578 491 3630 unumque
512 3579 599 3614 omnes
622 3562 791 3613 studiosiores
814 3560 936 3610 Antonii.
970 3558 1051 3608 Nom.
1089 3556 1130 3624 (t)
1155 3555 1199 3609 Sic

135 3647 231 3701 Graev-
254 3649 337 3717 Seqq.
360 3677 395 3691 -
418 3652 550 3717 neperiore
572 3666 603 3701 eo
626 3652 683 3700 cito
705 3649 756 3700 nd.
781 3647 865 3718 Nesp.
890 3647 981 3714 Antiq.
1006 3674 1040 3684 —
1066 3647 1198 3714 superiore

133 3738 192 3788 vito
213 3737 283 3790 Crat.
310 3737 547 3790 Vict.1et2.-
563 3739 799 3807 osuperioreoito
814 3736 906 3800 Lamb.
944 3735 984 3803 (5)
1011 3733 1055 3786 Sic
1079 3733 1149 3786 vio.
1171 3733 1197 3784 2.

133 3825 226 3878 Lomb.
250 3826 344 3877 Graes.
367 3827 429 3878 soh.
452 3856 486 3869 -
506 3845 559 3879 non
582 3828 796 3894 exspectationem
821 3826 887 3875 inest
908 3826 987 3874 etium
1010 3822 1062 3873 did.
1088 3849 1124 3865 —-
1146 3838 1201 3873 non

133 3915 321 3982 exspectatione
338 3916 405 3966 inest
422 3919 502 3967 etiam
520 3917 615 3967 Bened.
634 3945 668 3955 —
685 3916 796 3965 nuncin
813 3913 1017 3980 exspectatione,
1036 3912 1103 3960 inest
1119 3912 1199 3960 etiarn

134 4001 203 4054 Crat.
223 4003 293 4055 Viot.
312 4005 336 4055 l.
354 4005 418 4056 Ero.
454 4005 494 4072 (6)
513 4031 548 4045 -·
565 4003 734 4070 reipublicae
749 4000 818 4053 Crat.
844 4000 884 4067 (7)
902 4027 937 4038 -
953 3997 997 4050 Sic
1021 3997 1072 4048 nd.
1097 3995 1198 4048 vient

135 4100 161 4141 et
182 4091 207 4141 2.
234 4090 328 4143 Graes.
352 4094 415 4145 Ern.
436 4093 533 4144 Bened.
565 4092 607 4145 An
632 4091 770 4142 annuam?
794 4106 829 4139 ω
851 4103 891 4137 me
906 4103 1005 4137 annum
1021 4087 1096 4137 ultro
1105 4099 1198 4152 paoem

133 4178 218 4230 Lnen.
236 4208 270 4218 —
287 4197 327 4233 me
348 4198 440 4249 paoem
455 4199 554 4234 annum
569 4184 642 4234 ultro
658 4179 721 4233 sch.
735 4207 770 4219 --
785 4194 824 4228 me
839 4179 983 4229 etiamnum
998 4190 1089 4243 poeern
1106 4169 1198 4221 Lemb.

138 4267 178 4334 (8)
188 4275 342 4338 -opporet
357 4274 542 4340 propositum:
561 4272 628 4340 quod
642 4271 733 4322 ceteris
748 4267 841 4323 deletis
858 4266 919 4320 Soh.
941 4265 986 4332 (-
1001 4279 1050 4331 th
1065 4277 1112 4330 pro
1127 4256 1197 4324 quod

132 4356 200 4408 tiu.
216 4360 241 4409 1.
257 4369 342 4412 contro
358 4360 422 4426 ttd.)
