3034 5166
824 403 867 462 70

313 638 416 710 quam
452 621 555 684 ver0¹
597 611 745 703 comperi
783 631 862 681 cum
897 607 1080 700 collegium
1114 615 1283 699 tentasse,
1318 608 1377 680 de

310 741 391 812 inde
428 751 545 834 aperte
579 761 659 808 cum
691 736 898 832 quibusdam
936 737 1114 821 locutum3
1145 755 1226 804 cum
1248 731 1288 840 L
1310 732 1375 805 Do

310 868 432 956 mitio,
469 877 509 934 ut
533 888 626 934 nunc
648 875 723 956 est,
757 863 842 932 mihi
865 863 1094 934 inimicissimo
1118 859 1256 932 homine
1266 870 1293 952 ²,
1319 861 1376 933 de

313 989 481 1075 liberare3
515 987 604 1057 velle
638 986 703 1057 hoc
735 981 979 1056 munusculum
1022 986 1155 1058 deferre
1187 987 1249 1058 Cu.
1277 987 1374 1059 Pom·

279 1093 409 1210 vpei0:
442 1115 555 1206 ipsum
592 1123 633 1182 ut
667 1110 897 1204 prenderem⁸
943 1122 979 1182 et
1015 1110 1060 1182 ab
1096 1137 1136 1185 eo
1169 1115 1373 1207 deprecarer

308 1243 493 1332 iniuriam,
528 1263 633 1335 quem
669 1240 774 1310 vitam
808 1238 894 1308 mihi
931 1238 1057 1310 debera
1093 1250 1289 1332 putaramt,
1312 1242 1374 1312 im·

307 1376 444 1463 patrare
478 1392 498 1437 a
534 1389 590 1436 me
625 1388 692 1436 non
728 1365 838 1459 potui.
889 1359 926 1433 2.
962 1363 1052 1452 Quid
1091 1387 1171 1459 ergo
1193 1363 1275 1436 est'l
1311 1363 1374 1438 Ta·

308 1497 388 1564 meu
424 1496 520 1588 quasi
551 1493 683 1588 aliquot
710 1489 829 1590 [cum]
854 1491 970 1562 amicis
982 1501 1007 1582 ⁵,
1040 1489 1101 1590 qui
1137 1504 1240 1564 testes
1277 1507 1375 1565 crant

305 1643 462 1694 meorum
485 1622 521 1689 in
545 1598 643 1690 illum
679 1621 903 1712 meritorum,
937 1620 1072 1691 locutus
1108 1643 1208 1690 sum:
1240 1632 1375 1716 postea-

307 1770 413 1840 quam
447 1747 546 1816 illum
582 1770 626 1816 ue
654 1747 736 1816 cute
761 1743 967 1816 satisfaceret
989 1746 1130 1839 quidem
1152 1770 1208 1818 mc
1229 1747 1375 1842 dignum

308 1871 435 1942 habere
459 1872 570 1960 sensi,
594 1870 700 1940 malui
726 1871 874 1974 collegae
897 1873 987 1960 eius,
1021 1871 1149 1943 homiui
1172 1872 1376 1946 alienissimo

307 1995 393 2068 mihi
427 2010 462 2070 et
497 2009 663 2092 proptert
697 1997 880 2067 amicitiam
917 2008 1012 2066 tuam
1048 2017 1122 2068 uou'
1150 1999 1376 2098 aequissimo,

307 2148 364 2196 mc
397 2124 565 2220 obligare,
602 2147 707 2218 quam
740 2124 832 2193 illius
867 2123 983 2194 simiae
1003 2123 1140 2194 vultum
1158 2101 1288 2223 'subire
1338 2127 1378 2197 Id

307 2263 490 2348 postquam
527 2251 661 2340 resciit,
696 2247 902 2320 excanduit⁸
933 2260 972 2328 et
1007 2273 1062 2320 me
1093 2273 1229 2322 causam
1264 2253 1375 2324 iuimi-

308 2381 467 2451 citierum
503 2401 667 2474 quaerere
700 2379 907 2469 clamitavit,
942 2391 1005 2471 ut,
1038 2383 1066 2450 si
1099 2379 1211 2454 mihit
1245 2382 1282 2452 in
1317 2403 1376 2476 pe-
1414 2377 1420 2390 '

309 2509 409 2579 cunia
445 2509 557 2577 miuus
591 2505 826 2597 satisfecisset,
860 2529 922 2602 per
957 2507 1045 2578 hanc
1080 2509 1227 2604 speciem
1253 2501 1374 2580 simul·

295 2636 387 2705 'tatis
420 2657 500 2705 eum
537 2645 758 2706 consectarer.
806 2634 925 2706 Postea
940 2643 967 2702 lt
1002 2659 1071 2707 non
1093 2635 1225 2707 destitit
1261 2658 1371 2712 arces·

355 2937 395 3004 (1)
414 2965 448 2978 -
465 2935 563 2988 Postea
577 2948 640 2986 uero
657 2947 738 3004 qaam
756 2928 827 2986 (trit.
862 2933 904 3002 (2)
923 2961 957 2974 -
973 2933 1246 2986 del.lramlucl.amb.
1275 2932 1315 3007 (3)
1330 2937 1374 2990 Sic

295 3027 343 3077 rie
366 3025 491 3077 Gronovit
506 3024 542 3094 Ε.
568 3025 644 3075 liro.¹
657 3023 719 3076 stt.
745 3053 780 3065 -
802 3025 888 3090 iprum
912 3023 1088 3090 reprenderrm
1107 3023 1170 3092 (ld.
1195 3023 1260 3076 Vict.
1278 3027 1317 3094 2.)
1334 3027 1376 3079 rel

310 3114 517 3180 reprehenderem
542 3112 643 3164 Ceteri:
661 3122 762 3180 praeter
786 3112 878 3176 Grau,
910 3115 974 3179 qui:
997 3117 1055 3165 tum
1077 3117 1163 3182 i'qrrum
1178 3117 1374 3183 reprehendente

310 3211 337 3253 et
359 3202 470 3264 Lemb.‚
498 3203 562 3269 qni:
585 3229 620 3240 -
641 3203 727 3266 ipim
741 3205 773 3250 ut
787 3217 856 3267 repr.
894 3201 934 3268 (4)
960 3200 1004 3253 Sic
1027 3202 1125 3271 (HM)
1152 3203 1220 3255 viu,
1237 3207 1261 3256 1.
1279 3207 1369 3258 Lemb.

309 3289 404 3342 Greci.
427 3290 525 3360 Beued.
550 3318 583 3328 -
601 3293 726 3356 putarem
751 3287 821 3340 Crat.
845 3287 914 3339 vicu
940 3289 965 3340 2.
988 3290 1051 3342 Lm.
1074 3291 1136 3344 soh.
1173 3294 1213 3362 (5)
1238 3282 1374 3347 sententia

310 3389 364 3430 est:
386 3389 496 3430 »umen
514 3396 545 3430 eo
566 3377 708 3439 descendi,
727 3386 775 3439 ut,
798 3377 872 3444 quasi
903 3375 1000 3428 vellem
1032 3381 1196 3433 reconciliare
1227 3384 1294 3435 mihi
1319 3387 1375 3436 eius

230 3469 233 3478 ⁴
310 3470 434 3536 gretiam,
457 3467 550 3519 leviter
565 3466 657 3518 saltem
672 3482 702 3515 ea
724 3466 757 3516 de
775 3482 802 3516 re
818 3483 879 3516 cum
904 3467 1002 3535 aliquot
1026 3470 1080 3520 cius
1102 3473 1192 3522 amicis
1217 3471 1372 3541 loquerer.’'

311 3556 374 3622 (fect
396 3558 496 3608 almerw
518 3555 667 3606 eemttma
687 3553 715 3602 di
736 3552 844 3604 rolerrui
864 3569 917 3606 ceu
941 3573 995 3607 resa
1020 3549 1206 3628 riconailiare.)
1232 3590 1266 3600 -
1287 3565 1375 3614 lamen

306 3646 384 3712 quari
406 3644 513 3710 aliquod
530 3659 584 3692 am.
598 3641 649 3692 ud.
664 3669 698 3679 —
715 3645 804 3692 tamen
820 3645 898 3708 quari
920 3645 1021 3711 aliquot
1041 3663 1094 3698 am.
1112 3647 1181 3700 vict.
1198 3649 1223 3700 2.
1236 3675 1272 3692 -·
1286 3655 1374 3706 tamen

307 3734 385 3800 quari
403 3731 518 3798 aliquid:
544 3731 634 3781 amicir
650 3727 747 3780 Beucd.
761 3760 795 3770 -
810 3735 867 3782 tum
891 3736 979 3785 tamen
1005 3752 1063 3786 cum
1092 3739 1194 3804 aliquot
1210 3753 1263 3790 am.
1280 3738 1371 3790 Lemb.

306 3826 365 3873 tum
384 3820 486 3888 quidem
511 3820 614 3885 aliquot
634 3835 687 3869 um.
710 3817 779 3870 Cret.
804 3819 873 3870 utu.
890 3821 914 3873 t.
941 3821 1034 3875 Greci.
1051 3851 1086 3864 -—
1109 3827 1167 3875 tem
1180 3825 1295 3893 'quidem
1313 3843 1372 3879 cum

303 3910 408 3976 aliquot
428 3909 491 3960 Lm.
513 3907 575 3960 Sch.
596 3923 655 3958 urm
674 3918 777 3973 eutem,
800 3911 871 3980 quod
897 3913 943 3964 vix
970 3913 1073 3964 ridetur
1094 3913 1183 3966 abesae
1207 3933 1302 3984 meae,
1329 3917 1373 3968 le-

306 3997 382 4050 ciliur
410 4007 468 4066 post
494 4015 520 4048 t.
553 3999 655 4064 aliquot
678 3999 789 4063 excidit,
816 4017 896 4067 quum
922 4011 980 4052 aute
1007 4002 1086 4052 idem.
1124 4002 1163 4070 (6)
1188 4021 1218 4049 =
1238 4005 1302 4072 quoi
1321 4003 1373 4054 tta.

303 4085 373 4137 Vict.
399 4085 424 4136 2.
449 4085 530 4154 Beug.
545 4085 644 4138 Boned.
680 4087 720 4157 (7)
739 4115 774 4129 -
790 4089 903 4155 miliique
915 4092 1026 4155 propter
1043 4087 1134 4139 Lumb.
1171 4090 1211 4158 (8)
1230 4090 1274 4142 Sic
1289 4089 1371 4160 Neap.

306 4175 398 4244 tuttq.
416 4173 485 4228 Grai.
499 4173 567 4228 Vici.
586 4175 611 4225 1.
625 4174 717 4226 Lemb.
729 4166 831 4228 licuerit¹
843 4205 876 4215 —
892 4176 1014 4228 maduo
1029 4175 1081 4230 Id.
1097 4178 1163 4232 viu.
1182 4180 1208 4230 2.
1224 4207 1259 4220 -··
1274 4182 1368 4234 imau-

308 4267 367 4319 datr
388 4263 480 4317 Graer.
504 4263 568 4314 Lru.
592 4262 654 4314 soh.
678 4291 711 4302 -
732 4265 852 4314 incalluit
876 4264 961 4332 Margo
978 4263 1047 4317 Crat.
1093 4267 1132 4336 (9)
1150 4297 1184 4311 —-
1199 4269 1368 4336 clqmitavit,

309 4347 385 4420 quari
406 4353 478 4422 quod
497 4350 563 4404 milti
586 4349 677 4401 Lumb.
715 4351 824 4419 (10)-
838 4353 938 4403 Postea
959 4368 1019 4405 uero
1044 4353 1111 4407 Crat.
