3034 5166
797 355 841 414 86

302 564 495 632 coralium
530 561 739 630 mutarem?
790 559 922 631 Nonne
960 570 1080 634 omnia
1119 579 1273 663 petius,
1302 589 1367 644 ess

301 693 344 758 in
380 693 562 760 sententia
588 690 873 781 pernumerem?
927 689 1065 764 Credas
1098 693 1160 766 boo
1195 698 1289 770 mibi
1313 725 1368 769 os·

300 821 391 905 um,
427 817 521 910 quod
542 827 636 909 puto
673 827 706 885 te
739 821 975 910 existimare,
1008 844 1063 890 ms
1095 845 1141 892 en
1176 823 1235 894 bis
1261 832 1367 896 mise·

299 949 371 1016 riis
403 945 505 1016 nibil
530 948 638 1015 uliud
648 957 661 994 ²
696 969 892 1040 quaerere,
927 953 1007 1018 nisi
1030 961 1074 1019 ut
1107 950 1268 1021 bominee
1292 958 1362 1022 ali·

300 1077 443 1171 quondo
475 1080 692 1172 intelligant
728 1101 781 1144 me
814 1074 917 1144 nibil
950 1079 1125 1146 maluisse
1163 1103 1274 1172 quom
1303 1105 1365 1171 pa·

300 1227 398 1273 sem:
435 1205 714 1296 indesperata,
738 1203 935 1274 nibiltam
951 1208 1103 1302 fugisse
1126 1231 1233 1299 quam
1262 1231 1366 1276 arma

299 1337 440 1402 ciuilia.
490 1330 622 1401 Iluius
657 1357 710 1400 me
743 1337 969 1402 constantiae
990 1345 1081 1425 puto
1089 1335 1181 1425 fore
1201 1345 1247 1402 ut
1271 1359 1367 1406 nun·

299 1483 421 1554 quam,
435 1463 633 1552 poeniteat.
695 1455 850 1528 Etenim
886 1463 1036 1528 memini
1069 1463 1114 1530 in
1148 1460 1210 1531 boe
1231 1487 1366 1558 genere

296 1591 461 1684 gloriari
485 1590 633 1655 solitum
655 1609 731 1654 esse
739 1589 979 1677 familiarem
1001 1598 1185 1679 nostrum,
1214 1591 1259 1684 Q.
1274 1590 1368 1661 Hor·

301 1719 483 1806 tensium,
518 1715 612 1808 qoud
643 1737 834 1807 nunquam
869 1713 961 1783 bello
985 1719 1091 1786 oioili
1115 1721 1361 1810 interfuisset.

300 1840 381 1912 Hos
413 1853 540 1912 nostra
575 1847 661 1914 laus
696 1849 771 1913 erit
801 1843 1012 1933 illustrior,
1050 1846 1145 1937 quod
1180 1849 1272 1914 illi-⁰»
1296 1849 1364 1915 tri·

298 1971 479 2042 buebotur
509 1975 704 2067 ignaviae:
741 1973 785 2040 ds
820 1973 925 2041 nobis
957 1973 999 2040 u
1031 1976 1244 2042 assistimus-i
1261 1977 1367 2064 posse

297 2123 372 2170 non
404 2099 578 2168 arbitror.
628 2093 664 2167 4.
689 2097 769 2168 Neo
793 2104 945 2168 meista
970 2111 1132 2190 torrent,
1160 2122 1252 2193 quae
1276 2100 1368 2170 mibi

301 2257 325 2301 a
364 2237 397 2300 te
428 2232 478 2301 ecl
510 2236 673 2300 timorem
702 2227 951 2320 fidelissime⁴
982 2240 1092 2324 utque
1115 2231 1368 2298 amantissime

296 2369 570 2452 proponuntur.
629 2355 753 2427 Nulla
796 2368 853 2428 est
894 2363 993 2427 enim
1039 2356 1244 2444 acerbitas5
1278 2380 1370 2449 quae

300 2507 373 2556 non
397 2480 563 2556 omnibus
588 2483 654 2554 buo
678 2484 778 2554 orbis
802 2497 987 2556 terrarum
1002 2483 1286 2578 perturbatione
1304 2488 1370 2554 im·

292 2612 453 2706 pendere
483 2613 678 2680 uidemur:
710 2635 817 2704 quam
854 2614 996 2706 quietem
1022 2637 1086 2708 ego
1106 2638 1129 2682 o
1156 2638 1196 2718 re
1217 2614 1369 2704 publiea

299 2744 390 2810 meis
404 2745 570 2832 privatis
593 2750 630 2808 et
648 2740 851 2809 domesticis
871 2741 1103 2808 incommodis
1127 2741 1369 2811 libentissime

300 2873 359 2940 oel
393 2875 480 2940 istie
512 2875 628 2963 ipsis,
666 2894 758 2964 quae
791 2881 832 2938 tu
865 2893 920 2938 ms
945 2894 1085 2957 mones,
1122 2880 1165 2938 ut
1198 2895 1368 2958 coaeum,

301 2998 539 3068 redemissem.
591 2998 625 3068 5.
662 2999 765 3069 Filio
799 3023 873 3070 meo
884 3050 895 3082 ‚
922 3022 1023 3092 quem
1051 2996 1122 3067 tili
1144 3021 1270 3068 aarum
1292 3023 1370 3069 esse

298 3127 462 3224 gaudeo,
492 3128 527 3194 si
556 3130 631 3195 erit
652 3128 741 3224 ulle
775 3150 834 3193 res
865 3125 1039 3216 publicu,
1056 3145 1059 3150 ·
1078 3128 1171 3193 sutis
1205 3128 1367 3216 amplum

294 3259 564 3350 patrimonium
594 3257 802 3346 relinquam
820 3257 863 3321 in
885 3256 1079 3320 memoriu⁶
1100 3257 1261 3321 nominis
1285 3258 1367 3322 mei.

303 3382 372 3454 Sin
406 3393 528 3454 autem
561 3383 668 3450 nulla
691 3385 786 3470 erit,
819 3379 920 3448 nibil
939 3381 1075 3448 uosmet
1109 3383 1144 3447 ei
1170 3385 1370 3470 separatim
1456 3473 1458 3478 Ι

302 3535 326 3580 a
360 3510 519 3604 reliquis
551 3509 704 3578 ciuibus.
752 3506 855 3577 Nom
891 3509 985 3600 quod
1007 3533 1137 3603 rogos,
1174 3519 1217 3578 ut
1255 3515 1369 3602 respi-

303 3643 397 3710 ciam
425 3662 604 3735 generum
629 3661 771 3726 meum,
807 3636 1061 3706 adoksoentem
1096 3642 1269 3729 optimum
1303 3646 1370 3708 mi·

303 3763 412 3860 bique
460 3767 715 3835 oarissimum:
736 3835 739 3839 ,
761 3787 811 3832 an
859 3763 1031 3852 dubitas,
1074 3780 1211 3858 quum⁰
1245 3773 1368 3858 scias,

348 3939 390 4010 (1)
408 3966 443 3979 -
460 3957 506 3992 our
522 3939 614 3990 Lamb.
658 3939 698 4008 (2)
717 3957 799 3992 -sa
819 3935 1368 4011 tism.'n.a12·uamiq.Lamb.-om.

302 4046 343 4082 me
364 4027 447 4099 Nesp.
471 4031 563 4098 Ansiq.
582 4028 729 4082 Alacres.
766 4030 806 4100 (3)
826 4050 861 4081 ω
879 4033 906 4081 in
923 4031 967 4080 illo
981 4031 1061 4082 dubio
1074 4031 1135 4084 Em.
1150 4052 1220 4104 susp.
1258 4035 1297 4102 (4)
1324 4035 1371 4087 Sia

303 4122 396 4192 Anth·
418 4121 481 4174 lom.
503 4121 647 4190 Mart-Lag.
661 4121 722 4176 seh.
739 4122 786 4173 cfr.
802 4122 861 4173 Lib.
878 4122 903 4172 2.
920 4121 974 4188 Ep.
994 4123 1020 4186 1,
1036 4120 1063 4186 ᾗ.
1080 4123 1104 4174 2.
1114 4123 1274 4190 fidelissimis
1288 4128 1369 4191 atque

305 4213 493 4266 amantissimis
513 4213 636 4262 consiliis.
652 4240 685 4250 -
693 4211 841 4279 fidissime,
867 4210 989 4262 vocabulo
1005 4211 1099 4276 nihili,
1117 4213 1169 4263 nd.
1192 4212 1275 4282 Nesp.
1297 4212 1369 4265 Crat.

305 4302 372 4376 Vict-
396 4302 410 4354 1
431 4312 457 4353 st
481 4303 507 4354 2.
521 4301 612 4354 Lsmb.
633 4301 728 4353 Graes.
751 4301 848 4352 Bened.
887 4301 926 4370 (ὅ)
942 4330 973 4339 -
989 4303 1016 4351 in
1031 4303 1181 4354 memoriam
1199 4303 1285 4371 Auliq.
1306 4303 1367 4354 Ald.

304 4410 340 4442 Ν
355 4393 505 4444 memorium
522 4389 589 4443 Crat.
605 4389 749 4457 biart-Lag.
765 4389 826 4440 Sch.
847 4388 886 4456 (6)
904 4418 936 4428 -
953 4393 1016 4456 quin
1034 4391 1084 4442 Md.
1236 4383 1241 4390 ’
