3012 5182
623 411 663 472 st

98 636 361 718 propraetore
387 626 488 692 mitti
509 633 703 713 oporteret,
730 647 785 691 eos
809 628 936 692 sortito
959 627 1002 693 in
1019 629 1172 715 provin·

104 759 187 824 cias
224 759 323 824 mitti
353 755 526 844 placere:
564 756 600 818 si
634 775 678 819 ec
711 775 750 819 eo
770 775 943 836 numero,
982 749 1163 846 quossis*

105 880 145 950 S.
174 887 210 952 C.
235 887 278 951 ia
294 886 506 981 provincius
528 885 586 949 ire
607 892 801 972 oporteret,
824 883 872 951 od
897 907 1086 952 currerem
1099 907 1171 952 nort

104 1023 250 1100 essent,
275 1015 406 1104 quiin
430 1033 491 1080 eos
510 1009 1068 1102 provinciosprostciscerentor:
1096 1022 1172 1080 tum

103 1146 169 1210 uti
205 1142 365 1234 quodque
394 1143 585 1236 collegium
610 1143 800 1231 primum²
827 1150 1039 1231 praetorum
1061 1141 1169 1231 secie-

104 1277 166 1336 set
200 1293 313 1362 neque
351 1273 394 1338 irc
423 1272 637 1361 provincius
653 1268 815 1358 prefecti
836 1279 976 1358 essent,
1000 1273 1057 1336 ito
1078 1277 1172 1337 sorte

103 1400 152 1464 in
180 1400 437 1488 provinciom³
466 1379 816 1488 proficiscerentur:
856 1402 890 1464 si
927 1401 960 1464 ii
982 1397 1031 1465 ud
1051 1420 1170 1465 uume-

105 1535 218 1592 rccm⁴
249 1550 321 1594 nore
346 1537 489 1614 essent,
517 1537 604 1594 tnnc
626 1525 793 1616 deinceps
807 1530 975 1617 proximi
996 1530 1172 1620 cuiusque

106 1657 274 1749 collegii,
311 1661 377 1748 qui
407 1667 593 1747 praetores
625 1656 793 1746 fuissent
828 1680 940 1749 neque
963 1659 1006 1723 in
1021 1659 1172 1746 ,provin-

107 1788 186 1853 cias
204 1786 363 1874 profecti
383 1796 523 1874 essent,
548 1789 591 1853 irc
614 1795 744 1852 sortem
768 1789 1029 1871 concreatur-⁵,
1056 1784 1173 1876 quood

110 1919 147 1980 is
184 1939 358 1982 nurnerns
391 1917 540 2008 effectus
576 1924 689 2002 essct,
725 1939 828 2006 quem
848 1915 897 1982 cd
915 1916 1173 1978 numerante

38 2053 40 2056 ’
105 2046 322 2134 provincius
346 2046 446 2110 mitti
466 2054 647 2133 oporteret.

231 2173 274 2244 Si
306 2175 392 2264 quis
424 2170 509 2240 duic
532 2169 567 2239 S.
596 2167 636 2240 C.
663 2173 950 2258 intercessisset,
972 2171 1174 2238 auotoritas

246 2298 551 2390 perscriberetur.

156 2425 245 2497 Huic
282 2425 316 2496 S.
351 2426 389 2497 C.
419 2427 609 2497 intercessit
646 2425 684 2497 C.
719 2425 875 2514 Caelius,
898 2424 936 2495 C.
962 2423 1091 2515 Pausa,
1117 2425 1174 2494 tri·

107 2556 196 2627 buni
220 2555 270 2650 pl.

156 2735 192 2810 9.
242 2739 305 2811 Illa
338 2752 512 2836 praeterea
548 2740 609 2811 Cn.
646 2740 797 2838 Pompeii
820 2754 899 2811 sunt
923 2737 1174 2830 animadversa,

109 2891 201 2964 quae
246 2869 414 2938 maxime⁰
450 2867 690 2938 confidentiam
732 2849 922 2939 attulerunt
955 2865 1172 2956 hominibus,

106 3009 151 3068 ut
176 2996 302 3067 diceret
322 3021 358 3067 se
380 3009 458 3068 ante
481 2995 621 3067 Kalend.
645 2995 743 3065 Mart.
767 3019 836 3066 non
858 3017 956 3090 posse
968 2995 1039 3064 sine
1050 2994 1172 3064 iniuria

107 3127 155 3196 de
186 3128 368 3220 provinciis
399 3126 545 3197 Caesaris
582 3132 752 3217 statuere,
790 3137 868 3220 post
902 3121 977 3194 Kal.
1015 3122 1113 3194 Mart.
1138 3146 1174 3194 se

107 3265 203 3328 non⁷
225 3255 476 3328 dubitaturum.
515 3256 629 3346 Quum
652 3259 938 3352 interrogaretur,
962 3257 988 3325 si
1013 3256 1072 3352 qui
1097 3267 1173 3325 tum

108 3383 380 3453 intercederent:
412 3384 498 3454 dixit
530 3383 596 3455 hoe
629 3386 715 3456 nihil
752 3389 932 3475 interesse,
969 3393 1088 3453 utrum
1119 3382 1172 3453 (2⁸

109 3511 230 3582 Caesar
264 3513 393 3582 senatui
430 3513 523 3585 dicto
557 3515 697 3586 audiens
735 3515 871 3586 iuturus
907 3535 975 3582 non
998 3521 1107 3601 esset,
1130 3534 1174 3580 an

108 3651 270 3736 pararet,
319 3641 380 3733 qui
428 3653 584 3711 senatum
630 3642 812 3713 decernere
858 3666 926 3714 non
962 3651 1137 3734 pateretur
1147 3654 1172 3708 ⁹.

118 3795 359 3810 *ιι-ω*-

156 3877 197 3944 (1)
225 3904 260 3915 -
280 3893 333 3926 om.
358 3893 388 3927 ex
409 3875 460 3927 ud.
484 3875 554 3930 Crat.
578 3876 646 3930 via.
663 3881 687 3930 1.
714 3879 753 3948 (2)
772 3909 806 3918 -
818 3882 971 3948 proximum
983 3879 1091 3929 Manutii
1104 3895 1175 3947 susp.

111 3965 170 4035 (Est
195 3965 309 4032 quidque
331 3968 469 4033 primum,
497 3978 522 4019 ct
548 3969 667 4036 quodque
678 3971 797 4036 primum
812 3986 872 4019 cum
889 3970 969 4020 snbst.
995 3987 1103 4020 »unum
1121 3979 1178 4038 post

108 4056 254 4106 alterum.’'
271 4055 318 4106 cit.
335 4055 370 4105 ad
384 4058 460 4106 Fam.
477 4057 526 4120 12,
549 4059 574 4108 1.
590 4059 619 4108 de
635 4059 728 4108 Dicin.
745 4059 778 4121 1,
806 4057 914 4122 §.122
939 4059 969 4110 dc
988 4061 1055 4111 Not.
1078 4061 1116 4110 D.
1137 4061 1171 4124 1,

109 4143 137 4207 d.
152 4143 195 4194 ⁷7.
209 4146 244 4208 3,
264 4143 290 4208 §-
307 4144 455 4200 {curdus
468 4149 503 4212 t,
520 4149 545 4199 8.
569 4149 682 4213 Africus
686 4149 777 4215 primo
791 4165 908 4217 quaeque
916 4155 1037 4214 congesta
1045 4150 1172 4217 subruit.)

112 4235 152 4301 (3)
175 4233 221 4285 Sic
243 4234 295 4285 nd.
312 4233 626 4304 Viat.1.13eng.13ened.
645 4256 679 4288 cx>
697 4240 725 4288 in
736 4237 888 4305 provincias
901 4239 967 4291 Cett.
1005 4241 1045 4308 (1)
1066 4269 1100 4278 -
1118 4257 1171 4289 om.

110 4324 131 4372 ii
157 4322 227 4374 Crat.
251 4352 285 4364 -
309 4325 344 4374 od
365 4343 438 4376 num.
453 4329 472 4376 ii
487 4327 579 4377 Lamb.
615 4328 655 4396 (5)
670 4328 714 4380 sio
730 4329 782 4380 nd.
800 4328 868 4380 vict.
889 4330 914 4380 2.
935 4349 964 4375 =
986 4330 1174 4380 coniicermtur

112 4411 180 4464 Cen.
217 4415 257 4483 (6)
274 4419 462 4468 -moeimom
480 4417 548 4470 Crat.
586 4418 626 4485 (7)
645 4436 745 4470 -om.
762 4433 814 4469 non
831 4419 923 4470 Graev.
960 4418 1000 4485 (8)
1020 4431 1121 4466 -om.
1142 4413 1169 4463 C·

110 4502 180 4555 cns.
205 4502 296 4555 Lamb.
333 4505 372 4573 (9)
394 4525 429 4557 Ν
439 4506 684 4577 poterentorNeap.
701 4507 791 4558 Lamh.
