2978 5186
772 393 834 453 138

273 601 414 660 Cicerone
441 602 474 658 in
503 601 676 678 provincia,
704 598 762 656 snb
780 599 907 658 initium
923 599 997 658 belli
1012 601 1120 658 civilis.
1162 601 1197 660 Et
1214 602 1336 664 Caclius

273 708 395 784 scripsit
419 705 555 765 Ciceroni
582 707 669 763 istius
685 704 760 762 b‘elli
775 705 941 782 praeludia.
983 706 1058 764 Sunt
1080 705 1154 766 tales
1175 708 1339 786 epistolae,

273 811 379 891 quales
409 811 499 869 etiarn
520 809 578 868 hoc
597 819 731 888 tempore
747 817 873 887 possunt
891 809 985 868 scribi
1005 809 1044 868 ab
1060 811 1163 890 aliquo
1173 855 1183 886 ,
1196 813 1253 891 qni
1269 833 1338 872 me-

273 914 417 975 diocriter
436 917 476 974 sit
496 916 620 974 doetus:
638 933 698 972 non
719 923 790 972 sunt
817 915 983 990 obscurae,
1008 925 1042 972 ut
1062 925 1171 993 putant
1188 916 1319 994 quidum
1330 961 1341 991 ‚

271 1021 362 1078 modo
382 1021 451 1100 quis
477 1021 618 1099 respiciat
638 1018 676 1077 ad
695 1018 844 1077 historias.
885 1019 961 1078 Sunt
977 1029 1079 1078 autem
1100 1018 1277 1080 referendae
1297 1021 1340 1080 ad

272 1125 459 1203 superiores,
476 1141 552 1201 quas
567 1121 671 1181 Cicero
688 1123 809 1200 scripsit
827 1121 866 1179 ad
880 1120 1024 1180 Caelium.

387 1289 417 1346 P.
438 1287 599 1361 Vrcrcnrus‚
616 1285 840 1365 Explicutiones
860 1305 981 1344 suorum
1000 1288 1036 1344 in
1057 1284 1226 1346 Ciceronem

459 1389 696 1472 Castigationem
713 1391 752 1450 ad
772 1393 839 1450 init.
858 1391 890 1450 L.
906 1390 985 1450 Vlll.
1006 1391 1098 1472 Epist.

310 1518 456 1597 Epistulas
467 1518 502 1578 ll.
519 1517 614 1576 Cuelii
625 1518 832 1576 existimamus
843 1535 897 1576 nos
907 1515 1058 1575 studiosos
1068 1517 1336 1594 animadvertisse,

271 1641 363 1700 quem
392 1623 425 1679 in
449 1621 582 1698 vulgatis
608 1621 766 1680 codicibus
790 1621 950 1680 mendosae
975 1630 1005 1679 et
1028 1631 1188 1701 corruptae
1216 1633 1335 1682 essent:

271 1745 341 1785 curn
360 1735 462 1784 autem
479 1744 540 1783 non
558 1725 693 1783 eiusdem
713 1726 895 1802 integritatis
912 1726 946 1783 in
960 1725 1008 1783 his
1023 1737 1176 1786 vetustum
1195 1728 1338 1787 codicem

270 1832 492 1902 invenerimus,
507 1850 599 1909 qnam
617 1832 648 1889 iu
668 1830 819 1889 Ciceronis
835 1831 970 1909 epistolis
991 1831 1080 1890 illum
1098 1833 1230 1904 retinere
1251 1832 1338 1892 vidi-

269 1956 355 2015 mus3
375 1937 431 1995 etsi
451 1935 557 1995 multis
576 1935 714 2013 partibus
725 1935 832 1994 melior
849 1935 912 1993 illis
931 1935 989 1993 sit:
1011 1935 1122 1993 deserti
1141 1955 1175 1994 ea
1193 1956 1251 2014 ope
1272 1955 1337 1996 non

268 2042 425 2121 potuimus
465 2060 501 2099 ea
539 2058 644 2098 sanare
679 2038 821 2110 vulnera,
855 2057 934 2117 quae
968 2051 1123 2117 apparent.
1175 2041 1337 2120 Quidquid

269 2155 370 2204 tamen
399 2144 472 2202 boni
501 2145 673 2230 potuimus,
698 2142 843 2217 fecimus,
875 2142 973 2202 multa
994 2162 1072 2223 quae
1092 2121 1199 2204 trunca
1221 2153 1252 2204 et
1270 2167 1338 2206 mu·

271 2250 327 2309 tila
355 2249 525 2319 eredimus,
555 2248 641 2307 nulla
665 2258 736 2307 nota
765 2247 900 2326 adposita
930 2247 1126 2329 reliquimus:
1155 2267 1212 2308 nee
1250 2250 1338 2308 enim

270 2373 368 2414 riuum
398 2363 451 2413 aut
480 2352 610 2411 alterum
634 2353 736 2411 locum
761 2354 880 2429 signare
905 2352 1076 2428 voluimus,
1094 2352 1228 2430 reliquos
1247 2353 1340 2412 uobis

234 2519 245 2532 ⁶
270 2470 424 2538 suspectos
456 2459 600 2532 transire,
627 2477 665 2516 ne
690 2457 864 2516 videremur
888 2457 957 2516 illos
983 2465 1091 2515 nostro
1118 2455 1235 2516 iudicio
1264 2477 1338 2518 eon-

269 2564 404 2624 firmesse
434 2572 464 2622 et
487 2563 637 2641 probasse.
678 2560 764 2636 Quod
791 2565 817 2619 si
846 2563 980 2632 eunctis,
1002 2562 1114 2640 quibus
1134 2581 1242 2640 parurn
1265 2583 1338 2623 con-

268 2667 392 2728 fidimus
415 2667 506 2738 locis,
534 2667 655 2744 signum
679 2666 830 2744 adponere
847 2665 1066 2738 voluissemus,
1087 2667 1243 2727 infinitum
1260 2668 1337 2726 fuis-

256 2783 328 2852 set,
352 2782 382 2832 et
406 2772 553 2852 quaedam
575 2771 699 2829 fortasse
724 2781 847 2848 propter
874 2769 965 2829 huius
985 2769 1138 2830 duriorem
1156 2782 1186 2830 et
1206 2775 1338 2851 asperio-

268 2899 333 2938 rem
356 2877 468 2958 stylum
499 2876 650 2934 immerito
677 2894 694 2934 e
720 2874 808 2932 nobis
838 2873 979 2932 damnata
1001 2884 1118 2950 essent,
1145 2897 1224 2955 quae
1251 2888 1338 2938 recte

269 3005 301 3044 se
332 2983 487 3042 haberent.
528 2981 668 3039 Fatemur
701 2980 796 3056 igitur
825 2977 959 3037 noluisse
989 2999 1043 3039 nos
1074 2979 1131 3038 hoe
1161 2983 1339 3059 perieulum

268 3067 388 3148 subire:¹
408 3086 534 3146 eruditis
553 3087 691 3144 suumin
710 3084 767 3142 hoc
788 3081 939 3140 iudicium
957 3083 1175 3162 relinquimus:
1195 3097 1341 3148 nostrum

269 3195 303 3252 in
323 3213 356 3251 re
378 3202 438 3250 tum
455 3191 548 3250 dubia
569 3200 599 3250 et
619 3191 735 3248 incerta
756 3207 817 3246 non
837 3188 1068 3266 interponimus.
1089 3189 1146 3263 Qui
1164 3210 1182 3248 a
1202 3191 1341 3251 meliori·

268 3299 326 3358 bus
350 3296 507 3358 codicibus
530 3295 628 3354 adiuti
656 3293 800 3352 maiorem
821 3311 942 3370 operam
960 3292 1011 3351 hic
1032 3311 1142 3351 navare
1161 3297 1341 3372 potuerint,

268 3423 377 3482 magno
402 3421 456 3460 nos
483 3401 540 3460 eibi
558 3399 707 3458 beneficio
727 3397 924 3474 obligabunt:
944 3399 1002 3477 ipsi
1023 3397 1061 3456 de
1080 3397 1282 3477 quibusdam,
1307 3410 1341 3460 et

267 3511 305 3568 iis
324 3506 450 3589 quidem
469 3505 591 3563 maioris
605 3504 751 3561 momenti
766 3520 870 3583 eorum
885 3521 963 3580 quae
981 3503 1228 3577 immutavimus,
1244 3507 1341 3576 ratio-

267 3631 356 3685 nem,
374 3629 435 3690 qua
456 3609 541 3668 ducti
561 3605 594 3664 id
613 3605 763 3680 fecimus,
784 3605 965 3665 adferemus.

507 3717 589 3820 rin,
609 3744 726 3805 niem
747 3745 786 3804 au
808 3746 896 3825 epm.
917 3747 996 3808 vm.
1017 3747 1046 3830 ς.
1067 3750 1095 3810 e.
1158 3796 1163 3811 ,

306 3875 358 3936 Est
386 3883 467 3935 certe
494 3875 638 3932 miserum
667 3871 784 3947 videre,
813 3882 888 3952 quot
914 3875 1093 3936 vulneribus
1114 3877 1273 3938 confectus
1295 3883 1340 3941 sit

267 3985 319 4043 hie
343 3981 378 4040 ll.
404 3979 496 4039 Coelii
522 3977 616 4049 liber,
645 3996 716 4035 cum
736 3979 911 4056 praesertim
939 3973 972 4038 ea
997 3983 1073 4054 siin,
1095 4002 1174 4060 quae
1194 3985 1264 4058 vix,
1281 3998 1341 4046 aut

266 4108 306 4149 ne
330 4087 381 4145 vix
408 4083 533 4163 quidem
562 4083 661 4170 sanari
689 4089 812 4161 queant.
853 4082 910 4141 Nos
935 4085 1018 4163 quod
1045 4089 1141 4147 tutius
1159 4091 1340 4154 remedium

267 4199 367 4259 visum
389 4198 449 4262 est,
469 4187 524 4246 ubi
544 4184 661 4244 nullam
683 4183 838 4242 meliorem
853 4203 940 4264 opem
959 4189 1076 4252 adferre
1090 4213 1269 4273 possumus,
1289 4219 1344 4258 ve.

268 4312 362 4362 terem
382 4294 503 4374 plagam
524 4288 689 4348 nudamus:
709 4285 901 4369 feliciorique
921 4295 1038 4358 medico
1056 4306 1121 4362 tam
1139 4299 1340 4380 desperatum

269 4411 423 4483 aegrotum
444 4396 575 4457 libenter
594 4389 750 4452 tradimus.
