3034 5166
840 306 883 364 80

628 511 792 594 Caunus
821 509 1007 594 &ennom
1037 513 1078 592 S.

383 747 415 817 l.
454 747 668 818 Exanimatus
707 743 801 843 [sum
817 743 853 841 ¹]
878 746 945 814 tuis
971 746 1100 832 literis3
1133 744 1262 838 quibus
1282 757 1318 817 te
1342 751 1397 819 ni·

332 874 381 943 hil
413 875 476 942 nisi
510 873 631 944 triste²
669 874 816 966 cogitare
839 873 1015 943 ostendisti
1038 895 1151 968 neque
1174 873 1212 976 id
1235 875 1323 966 quid
1347 901 1394 948 es·

332 1012 383 1072 set
404 1001 628 1096 perscripsisti
651 1022 762 1094 neque
783 1024 852 1070 nou
874 1011 1011 1086 tamen,
1047 999 1149 1104 quale
1172 1013 1279 1093 esset,
1302 1005 1396 1099 quod

333 1131 531 1222 cogitares2,
564 1128 748 1222 aperuisti:
780 1127 840 1196 has
860 1126 904 1196 ad
927 1136 963 1195 tc
983 1124 1100 1197 illieo⁴
1125 1126 1238 1199 literas
1264 1133 1394 1226 scripsi.

331 1258 400 1328 Per
430 1257 581 1328 fortunas
604 1268 716 1354 tuas,
754 1255 894 1346 Cicero,
932 1274 1009 1344 per*
1027 1251 1149 1326 liberos
1180 1281 1266 1350 oro,
1303 1261 1395 1332 obse·

334 1399 428 1473 cro⁵‚
463 1407 506 1453 ne
542 1382 628 1478 quid
663 1383 797 1474 gravius
818 1379 863 1450 de
887 1379 996 1450 salute
1022 1393 1057 1450 et
1078 1383 1314 1456 incolumitate
1337 1399 1395 1458 tua

253 1485 257 1500 i
334 1508 498 1578 consulas.
548 1509 632 1577 Nam
667 1508 747 1577 deos
782 1507 1028 1599 hominesquess
1065 1511 1318 1607 amicitiamque
1340 1539 1395 1586 no

335 1618 445 1704 stram=
477 1633 638 1704 testificor
673 1657 729 1702 me
763 1633 828 1703 tibi
864 1632 1092 1728 praedixisse⁷
1123 1659 1235 1730 neque
1268 1608 1397 1710 temere

334 1761 523 1831 monuisse:
560 1760 620 1830 sed
655 1771 835 1853 postquam
874 1760 1046 1833 Caesarem
1080 1765 1293 1852 convenerim
1318 1790 1398 1837 sen·

334 1869 544 1984 tertiamque
577 1890 686 1978 eius‚.
707 1878 818 1982 qualis
854 1890 969 1994 futura
997 1903 1086 1962 ‚esset
1108 1893 1207 1984 parta
1232 1893 1398 1984 victorid,

332 2017 567 2110 cognoverim,
602 2026 637 2083 te
671 2015 848 2086 certiorem
883 2015 1010 2088 fecisse.
1083 2015 1120 2086 2.
1157 2018 1191 2088 Si
1228 2021 1400 2092 existimas

334 2142 476 2213 eandem
509 2141 674 2210 rationem
710 2141 780 2212 fore
811 2143 944 2214 Caesari
978 2146 1014 2213 in
1047 2144 1260 2215 dimittendis
1281 2148 1399 2218 adrer-

335 2270 428 2338 sariis
462 2241 497 2337 et
545 2265 794 2339 conditionibus
828 2271 999 2360 ferendis,
1045 2295 1146 2342 erras,
1202 2251 1295 2344 Nilril
1335 2278 1401 2346 nisi

334 2407 428 2468 atrox
461 2405 496 2466 et
530 2387 668 2465 saevum
693 2397 825 2488 ‚cogitat
861 2410 965 2491 atque
989 2399 1093 2469 etiam
1117 2399 1281 2494 loquitur.
1311 2401 1402 2476 'Ira-

333 2535 389 2593 tus
422 2521 554 2591 senatui
590 2520 716 2590 exiit³:
750 2522 803 2592 his
836 2505 1129 2597 intercessionibus
1152 2527 1255 2622 plane
1280 2529 1401 2602 incita-

333 2663 389 2721 tus
424 2663 494 2720 est:
541 2671 631 2737 non,
664 2647 894 2740 mehercules,
929 2654 993 2722 erit
1025 2653 1254 2747 deprecationi
1288 2656 1400 2728 locus.

333 2772 368 2846 3.
405 2776 516 2864 Quare
546 2776 575 2846 si
607 2775 671 2846 tibi
703 2787 765 2867 tu,
809 2779 838 2846 si
875 2777 966 2848 filius
1000 2781 1144 2870 unicus,
1168 2782 1209 2850 -si
1229 2823 1231 2828 -
1249 2781 1399 2872 domus,

335 2910 363 2979 si
398 2931 473 3004 spes
508 2918 587 2977 tuae
619 2905 773 3006 reliquae
809 2906 873 2977 tibi
904 2921 1039 2977 carae¹⁰
1073 2919 1172 2977 sunt:
1205 2909 1233 2976 si
1264 2908 1400 3003 aliquid

382 3144 423 3212 (1)
449 3142 567 3194 Alterum
592 3143 744 3212 exemplum
767 3139 860 3195 liarum
877 3145 1010 3196 literarum
1033 3157 1072 3197 est
1088 3147 1123 3198 ad
1144 3148 1206 3197 Art.
1230 3147 1280 3210 10,
1308 3149 1334 3198 9.
1362 3167 1398 3200 Ν

333 3253 387 3288 om.
411 3251 469 3290 sum
491 3234 545 3286 Au.
569 3231 661 3290 Lcmb.
684 3233 749 3289 Lall.
784 3235 823 3302 (2)
847 3263 881 3274 -
896 3239 920 3286 tc
935 3236 1001 3286 citit
1015 3237 1090 3287 triste
1105 3235 1154 3288 Gd.
1172 3236 1323 3288 Petrnrchne
1340 3238 1397 3289 Art.

336 3341 464 3396 superser.
488 3339 549 3377 non.
570 3351 604 3367 ·-
628 3329 652 3376 te
674 3323 794 3374 nonnihit
808 3319 963 3377 triste'cdd.
976 3325 1039 3392 aliq.
1055 3325 1120 3376 Lall.
1135 3323 1253 3379 Weiske.
1292 3325 1333 3393 (3)
1352 3326 1398 3379 Sic

334 3415 387 3466 Art.
405 3412 497 3467 Lamb.
520 3413 613 3465 Graec.
636 3413 699 3464 Ern.
723 3413 820 3463 Bened.
842 3411 905 3465 Sch.
924 3443 958 3455 —
977 3431 1030 3466 non
1047 3417 1115 3465 enim
1131 3415 1310 3481 qualinam,
1325 3417 1398 3482 quod

334 3506 441 3568 cognitu
453 3519 495 3554 res
507 3502 558 3554 lld.
574 3529 610 3544 -
625 3518 678 3553 non
695 3503 763 3552 enim
779 3504 854 3570 quale
870 3509 934 3556 esset
945 3505 1015 3572 quod
1026 3506 1160 3569 cogitares,
1171 3504 1240 3555 Viot.
1251 3506 1277 3557 1.
1291 3533 1326 3544 -
1340 3523 1398 3558 non

253 3655 259 3664 ,
336 3598 423 3647 tamen
439 3589 649 3658 (omissamque)
665 3599 714 3640 cet.
730 3589 799 3640 Vict.
812 3591 837 3642 2.
862 3593 902 3659 (t)
917 3592 960 3646 Sic
977 3593 1028 3648 Md.
1043 3591 1108 3668 h.l.
1123 3593 1211 3646 etAtt.
1222 3593 1396 3647 Grat.Vict.1

335 3691 360 3732 ct
374 3679 528 3732 2-1'111'c0
546 3679 582 3729 ad
598 3682 622 3728 te
638 3676 729 3730 tamb.
743 3677 825 3748 Seqq.
863 3680 902 3748 (5)
922 3699 957 3731 m
975 3682 1067 3734 liberos
1079 3686 1103 3734 tc
1116 3698 1162 3731 oro
1179 3685 1204 3732 et
1219 3683 1321 3733 obsecro
1338 3685 1395 3735 Att.

332 3769 425 3826 Lnrnh.
439 3769 531 3820 Fuitne
548 3785 582 3819 cx
597 3766 783 3819 consuetudine
802 3769 907 3820 Latina:
928 3772 1022 3821 Perta
1035 3772 1164 3836 fortunae
1188 3771 1259 3822 cet?
1296 3771 1337 3839 (6)
1358 3799 1394 3812 -

331 3860 445 3911 homines
468 3857 537 3910 Crat.
573 3855 614 3923 (7)
632 3850 676 3908 Sic
691 3860 744 3908 Att.
760 3856 821 3909 sch.
839 3887 873 3897 -
887 3875 926 3908 me
942 3859 990 3908 tibi
999 3859 1122 3926 praedixi
1139 3859 1191 3909 ttd.
1209 3888 1243 3900 -
1256 3875 1295 3910 mc
1311 3875 1395 3930 neque

330 3948 379 4001 titt
390 3946 551 4015 praedixisse
570 3945 652 4016 Neap.
670 3945 759 4017 Antiq.
774 3977 807 3986 -
820 3965 859 3998 me
873 3963 960 4015 mque·
970 3951 1063 3997 temere
1079 3948 1127 3997 titt
1141 3949 1303 4015 praedixisse
1320 3947 1394 4002 Cret.

332 4039 396 4106 (om,
430 4035 499 4104 titi.)
527 4035 593 4087 viu.
622 4037 636 4086 1
662 4047 687 4087 et
713 4037 737 4086 2·
764 4037 855 4088 Lamb.
883 4036 977 4091 Graan.
998 4035 1061 4085 Ero.
1086 4037 1183 4087 Bened.
1209 4055 1242 4087 ex
1266 4037 1392 4108 interpol.

328 4129 369 4196 (8)
395 4153 430 4167 -·
452 4127 555 4176 senatui
580 4125 653 4176 exilit
677 4126 745 4178 Crat.
768 4154 803 4168 -
827 4128 919 4175 senatu
943 4124 1026 4176 exiliit
1049 4123 1134 4192 llargo
1156 4127 1226 4180 Crat.
1270 4126 1312 4194 (9)
1343 4127 1392 4181 Sic

332 4221 385 4274 Au.
412 4215 504 4268 Lamb.
529 4213 623 4266 Graes·
647 4215 728 4283 seqq.
755 4243 789 4256 -
814 4231 867 4266 orn.
893 4213 1033 4264 mehercule
1056 4215 1107 4267 lid.
1125 4215 1192 4268 Crat.
1211 4215 1268 4266 Vict
1287 4217 1301 4265 1
1322 4227 1347 4268 et
1367 4220 1393 4271 2.

213 4381 217 4392 ·
329 4307 385 4375 (10)
405 4335 439 4346 -
456 4320 534 4356 curae
551 4303 632 4372 Neap.
651 4302 741 4371 dntiq.
758 4303 842 4370 llargo
860 4301 927 4356 Orat.
