<?xml version="1.0" encoding="UTF-8"?>
<!DOCTYPE html PUBLIC "-//W3C//DTD XHTML 1.0 Transitional//EN"
    "http://www.w3.org/TR/xhtml1/DTD/xhtml1-transitional.dtd">
<html xmlns="http://www.w3.org/1999/xhtml" xml:lang="en" lang="en">
 <head>
  <title>
</title>
<meta http-equiv="Content-Type" content="text/html;charset=utf-8" />
  <meta name='ocr-system' content='tesseract 3.04.00' />
  <meta name='ocr-capabilities' content='ocr_page ocr_carea ocr_par ocr_line ocrx_word'/>
</head>
<body>
  <div class='ocr_page' id='page_1' title='image "./caeliirufietcic00surigoog_0099.png"; bbox 0 0 3034 5166; ppageno 0'>
   <div class='ocr_carea' id='block_1_1' title="bbox 565 659 1170 723">
    <p class='ocr_par' dir='ltr' id='par_1_1' title="bbox 565 659 1170 723">
     <span class='ocr_line' id='line_1_1' title="bbox 565 659 1170 723; baseline 0.003 -2"><span class='ocrx_word' id='word_1_1' title='bbox 565 660 830 721; x_wconf 69' lang='lat' dir='ltr'>IMEGBA</span> <span class='ocrx_word' id='word_1_2' title='bbox 863 659 1170 723; x_wconf 73' lang='lat' dir='ltr'>VAME&#39;I&#39;M</span> 
     </span>
    </p>
   </div>
   <div class='ocr_carea' id='block_1_2' title="bbox 640 821 1102 1005">
    <p class='ocr_par' dir='ltr' id='par_1_2' title="bbox 640 821 1102 1005">
     <span class='ocr_line' id='line_1_2' title="bbox 640 821 1102 882; baseline -0.009 0"><span class='ocrx_word' id='word_1_3' title='bbox 640 823 847 882; x_wconf 76' lang='lat' dir='ltr'>cassera</span> <span class='ocrx_word' id='word_1_4' title='bbox 882 821 1102 882; x_wconf 73' lang='lat' dir='ltr'>Medico!</span> 
     </span>
     <span class='ocr_line' id='line_1_3' title="bbox 684 933 1048 1005; baseline -0.008 -17"><span class='ocrx_word' id='word_1_5' title='bbox 684 936 764 1005; x_wconf 89' lang='lat' dir='ltr'>(Plut.</span> <span class='ocrx_word' id='word_1_6' title='bbox 782 935 875 987; x_wconf 77' lang='lat' dir='ltr'>XLIX.</span> <span class='ocrx_word' id='word_1_7' title='bbox 894 933 974 986; x_wconf 85' lang='lat' dir='ltr'>Num.</span> <span class='ocrx_word' id='word_1_8' title='bbox 989 934 1048 1002; x_wconf 81' lang='lat' dir='ltr'>IX.)</span> 
     </span>
    </p>
   </div>
   <div class='ocr_carea' id='block_1_3' title="bbox 474 1087 1267 1145">
    <p class='ocr_par' dir='ltr' id='par_1_3' title="bbox 474 1087 1267 1145">
     <span class='ocr_line' id='line_1_4' title="bbox 474 1087 1267 1145; baseline -0.004 0"><span class='ocrx_word' id='word_1_9' title='bbox 474 1090 672 1145; x_wconf 74' lang='lat' dir='ltr'>COLLATI</span> <span class='ocrx_word' id='word_1_10' title='bbox 700 1089 785 1144; x_wconf 66' lang='lat' dir='ltr'>CUM</span> <span class='ocrx_word' id='word_1_11' title='bbox 812 1087 1095 1144; x_wconf 73' lang='lat' dir='ltr'>vlcronlsds</span> <span class='ocrx_word' id='word_1_12' title='bbox 1120 1089 1267 1144; x_wconf 75' lang='lat' dir='ltr'>Pltltas.</span> 
     </span>
    </p>
   </div>
   <div class='ocr_carea' id='block_1_4' title="bbox 326 1225 1414 2676">
    <p class='ocr_par' dir='ltr' id='par_1_4' title="bbox 326 1225 1414 2676">
     <span class='ocr_line' id='line_1_5' title="bbox 363 1225 1412 1341; baseline 0.003 -21"><span class='ocrx_word' id='word_1_13' title='bbox 363 1225 421 1322; x_wconf 77' lang='lat' dir='ltr'>Ex</span> <span class='ocrx_word' id='word_1_14' title='bbox 454 1270 586 1341; x_wconf 73' lang='lat' dir='ltr'>Apparatu</span> <span class='ocrx_word' id='word_1_15' title='bbox 617 1266 749 1324; x_wconf 83' lang='lat' dir='ltr'>Orelliano</span> <span class='ocrx_word' id='word_1_16' title='bbox 782 1287 815 1320; x_wconf 92' lang='lat' dir='ltr'>ne</span> <span class='ocrx_word' id='word_1_17' title='bbox 848 1269 914 1338; x_wconf 85' lang='lat' dir='ltr'>quid</span> <span class='ocrx_word' id='word_1_18' title='bbox 946 1269 1082 1320; x_wconf 77' lang='lat' dir='ltr'>videamur</span> <span class='ocrx_word' id='word_1_19' title='bbox 1114 1271 1143 1320; x_wconf 86' lang='lat' dir='ltr'>in</span> <span class='ocrx_word' id='word_1_20' title='bbox 1175 1269 1292 1320; x_wconf 79' lang='lat' dir='ltr'>editione</span> <span class='ocrx_word' id='word_1_21' title='bbox 1325 1281 1412 1323; x_wconf 87' lang='lat' dir='ltr'>nostra</span> 
     </span>
     <span class='ocr_line' id='line_1_6' title="bbox 326 1358 1411 1432; baseline 0.001 -22"><span class='ocrx_word' id='word_1_22' title='bbox 326 1359 491 1428; x_wconf 68' lang='lat' dir='ltr'>neglexisse,</span> <span class='ocrx_word' id='word_1_23' title='bbox 520 1361 591 1429; x_wconf 89' lang='lat' dir='ltr'>quod</span> <span class='ocrx_word' id='word_1_24' title='bbox 616 1359 787 1414; x_wconf 75' lang='lat' dir='ltr'>emendandis</span> <span class='ocrx_word' id='word_1_25' title='bbox 811 1358 893 1411; x_wconf 82' lang='lat' dir='ltr'>Caelii</span> <span class='ocrx_word' id='word_1_26' title='bbox 917 1358 1040 1428; x_wconf 84' lang='lat' dir='ltr'>llpistolis</span> <span class='ocrx_word' id='word_1_27' title='bbox 1062 1360 1187 1410; x_wconf 78' lang='lat' dir='ltr'>inservire</span> <span class='ocrx_word' id='word_1_28' title='bbox 1202 1361 1303 1432; x_wconf 75' lang='lat' dir='ltr'>possit,</span> <span class='ocrx_word' id='word_1_29' title='bbox 1324 1362 1411 1412; x_wconf 86' lang='lat' dir='ltr'>risum</span> 
     </span>
     <span class='ocr_line' id='line_1_7' title="bbox 330 1445 1412 1518; baseline 0.001 -19"><span class='ocrx_word' id='word_1_30' title='bbox 330 1459 369 1500; x_wconf 86' lang='lat' dir='ltr'>est</span> <span class='ocrx_word' id='word_1_31' title='bbox 400 1449 443 1501; x_wconf 88' lang='lat' dir='ltr'>hio</span> <span class='ocrx_word' id='word_1_32' title='bbox 475 1450 568 1502; x_wconf 84' lang='lat' dir='ltr'>addere</span> <span class='ocrx_word' id='word_1_33' title='bbox 592 1451 757 1518; x_wconf 78' lang='lat' dir='ltr'>integram</span> <span class='ocrx_word' id='word_1_34' title='bbox 784 1451 987 1500; x_wconf 74' lang='lat' dir='ltr'>varietatem</span> <span class='ocrx_word' id='word_1_35' title='bbox 1009 1446 1145 1502; x_wconf 84' lang='lat' dir='ltr'>Codicis</span> <span class='ocrx_word' id='word_1_36' title='bbox 1166 1445 1330 1512; x_wconf 70' lang='lat' dir='ltr'>Medicei,</span> <span class='ocrx_word' id='word_1_37' title='bbox 1356 1465 1412 1500; x_wconf 85' lang='lat' dir='ltr'>ex-</span> 
     </span>
     <span class='ocr_line' id='line_1_8' title="bbox 329 1535 1412 1606; baseline 0 -18"><span class='ocrx_word' id='word_1_38' title='bbox 329 1548 443 1606; x_wconf 86' lang='lat' dir='ltr'>esrptam</span> <span class='ocrx_word' id='word_1_39' title='bbox 467 1555 501 1590; x_wconf 83' lang='lat' dir='ltr'>ex</span> <span class='ocrx_word' id='word_1_40' title='bbox 526 1539 741 1606; x_wconf 76' lang='lat' dir='ltr'>Appendice,</span> <span class='ocrx_word' id='word_1_41' title='bbox 768 1555 819 1606; x_wconf 89' lang='lat' dir='ltr'>qua</span> <span class='ocrx_word' id='word_1_42' title='bbox 842 1537 935 1589; x_wconf 86' lang='lat' dir='ltr'>finitur</span> <span class='ocrx_word' id='word_1_43' title='bbox 957 1535 1106 1589; x_wconf 82' lang='lat' dir='ltr'>voluminis</span> <span class='ocrx_word' id='word_1_44' title='bbox 1130 1535 1211 1587; x_wconf 76' lang='lat' dir='ltr'>Tertii</span> <span class='ocrx_word' id='word_1_45' title='bbox 1235 1537 1296 1587; x_wconf 87' lang='lat' dir='ltr'>Pars</span> <span class='ocrx_word' id='word_1_46' title='bbox 1313 1536 1412 1588; x_wconf 78' lang='lat' dir='ltr'>altera.</span> 
     </span>
     <span class='ocr_line' id='line_1_9' title="bbox 328 1626 1411 1696; baseline 0 -18"><span class='ocrx_word' id='word_1_47' title='bbox 328 1627 382 1679; x_wconf 89' lang='lat' dir='ltr'>Sed</span> <span class='ocrx_word' id='word_1_48' title='bbox 404 1629 450 1695; x_wconf 89' lang='lat' dir='ltr'>qui</span> <span class='ocrx_word' id='word_1_49' title='bbox 475 1626 522 1678; x_wconf 87' lang='lat' dir='ltr'>hae</span> <span class='ocrx_word' id='word_1_50' title='bbox 544 1638 616 1696; x_wconf 89' lang='lat' dir='ltr'>parte</span> <span class='ocrx_word' id='word_1_51' title='bbox 638 1644 731 1696; x_wconf 82' lang='lat' dir='ltr'>operae</span> <span class='ocrx_word' id='word_1_52' title='bbox 753 1639 852 1678; x_wconf 84' lang='lat' dir='ltr'>nostrae</span> <span class='ocrx_word' id='word_1_53' title='bbox 877 1628 947 1679; x_wconf 74' lang='lat' dir='ltr'>volet</span> <span class='ocrx_word' id='word_1_54' title='bbox 969 1629 1028 1691; x_wconf 76' lang='lat' dir='ltr'>uti„</span> <span class='ocrx_word' id='word_1_55' title='bbox 1043 1627 1194 1678; x_wconf 84' lang='lat' dir='ltr'>meminerit</span> <span class='ocrx_word' id='word_1_56' title='bbox 1211 1643 1321 1691; x_wconf 89' lang='lat' dir='ltr'>eornm,</span> <span class='ocrx_word' id='word_1_57' title='bbox 1340 1643 1411 1694; x_wconf 83' lang='lat' dir='ltr'>quse</span> 
     </span>
     <span class='ocr_line' id='line_1_10' title="bbox 332 1713 1412 1785; baseline -0.003 -16"><span class='ocrx_word' id='word_1_58' title='bbox 332 1713 445 1769; x_wconf 81' lang='lat' dir='ltr'>Orellius</span> <span class='ocrx_word' id='word_1_59' title='bbox 479 1719 595 1768; x_wconf 86' lang='lat' dir='ltr'>monuit:</span> <span class='ocrx_word' id='word_1_60' title='bbox 644 1717 783 1781; x_wconf 81' lang='lat' dir='ltr'>Consulto,</span> <span class='ocrx_word' id='word_1_61' title='bbox 814 1719 917 1785; x_wconf 87' lang='lat' dir='ltr'>inquit,</span> <span class='ocrx_word' id='word_1_62' title='bbox 944 1720 1047 1768; x_wconf 84' lang='lat' dir='ltr'>servavi</span> <span class='ocrx_word' id='word_1_63' title='bbox 1077 1720 1161 1767; x_wconf 83' lang='lat' dir='ltr'>totam</span> <span class='ocrx_word' id='word_1_64' title='bbox 1194 1718 1322 1766; x_wconf 85' lang='lat' dir='ltr'>rationem</span> <span class='ocrx_word' id='word_1_65' title='bbox 1352 1715 1412 1766; x_wconf 89' lang='lat' dir='ltr'>ccl-</span> 
     </span>
     <span class='ocr_line' id='line_1_11' title="bbox 326 1803 1413 1869; baseline -0.001 -14"><span class='ocrx_word' id='word_1_66' title='bbox 326 1804 434 1856; x_wconf 84' lang='lat' dir='ltr'>lationis</span> <span class='ocrx_word' id='word_1_67' title='bbox 455 1807 667 1856; x_wconf 79' lang='lat' dir='ltr'>accuratissimus</span> <span class='ocrx_word' id='word_1_68' title='bbox 691 1822 709 1856; x_wconf 89' lang='lat' dir='ltr'>a</span> <span class='ocrx_word' id='word_1_69' title='bbox 731 1807 924 1856; x_wconf 80' lang='lat' dir='ltr'>Francisco</span> <span class='ocrx_word' id='word_1_70' title='bbox 949 1805 1003 1856; x_wconf 82' lang='lat' dir='ltr'>del</span> <span class='ocrx_word' id='word_1_71' title='bbox 1026 1805 1151 1869; x_wconf 78' lang='lat' dir='ltr'>Furia,</span> <span class='ocrx_word' id='word_1_72' title='bbox 1182 1804 1217 1854; x_wconf 79' lang='lat' dir='ltr'>V.</span> <span class='ocrx_word' id='word_1_73' title='bbox 1238 1803 1283 1868; x_wconf 76' lang='lat' dir='ltr'>a,</span> <span class='ocrx_word' id='word_1_74' title='bbox 1306 1820 1413 1855; x_wconf 88' lang='lat' dir='ltr'>mecum</span> 
     </span>
     <span class='ocr_line' id='line_1_12' title="bbox 327 1893 1413 1963; baseline -0.005 -16"><span class='ocrx_word' id='word_1_75' title='bbox 327 1897 550 1960; x_wconf 77' lang='lat' dir='ltr'>communicatae,</span> <span class='ocrx_word' id='word_1_76' title='bbox 585 1899 650 1963; x_wconf 85' lang='lat' dir='ltr'>quia</span> <span class='ocrx_word' id='word_1_77' title='bbox 679 1898 708 1946; x_wconf 86' lang='lat' dir='ltr'>in</span> <span class='ocrx_word' id='word_1_78' title='bbox 734 1895 887 1963; x_wconf 83' lang='lat' dir='ltr'>adaptanda</span> <span class='ocrx_word' id='word_1_79' title='bbox 917 1895 968 1946; x_wconf 78' lang='lat' dir='ltr'>tali</span> <span class='ocrx_word' id='word_1_80' title='bbox 992 1896 1122 1945; x_wconf 84' lang='lat' dir='ltr'>uarietate</span> <span class='ocrx_word' id='word_1_81' title='bbox 1146 1893 1183 1944; x_wconf 84' lang='lat' dir='ltr'>ad</span> <span class='ocrx_word' id='word_1_82' title='bbox 1203 1894 1284 1943; x_wconf 89' lang='lat' dir='ltr'>aliam</span> <span class='ocrx_word' id='word_1_83' title='bbox 1308 1909 1413 1959; x_wconf 87' lang='lat' dir='ltr'>quam-</span> 
     </span>
     <span class='ocr_line' id='line_1_13' title="bbox 327 1982 1412 2054; baseline -0.003 -19"><span class='ocrx_word' id='word_1_84' title='bbox 327 2001 428 2051; x_wconf 80' lang='lat' dir='ltr'>cunque</span> <span class='ocrx_word' id='word_1_85' title='bbox 458 1984 595 2037; x_wconf 79' lang='lat' dir='ltr'>editionem</span> <span class='ocrx_word' id='word_1_86' title='bbox 625 1987 671 2037; x_wconf 75' lang='lat' dir='ltr'>vis</span> <span class='ocrx_word' id='word_1_87' title='bbox 702 1991 781 2054; x_wconf 85' lang='lat' dir='ltr'>atque</span> <span class='ocrx_word' id='word_1_88' title='bbox 812 1986 858 2036; x_wconf 80' lang='lat' dir='ltr'>uia</span> <span class='ocrx_word' id='word_1_89' title='bbox 886 1985 971 2034; x_wconf 87' lang='lat' dir='ltr'>omnis</span> <span class='ocrx_word' id='word_1_90' title='bbox 991 1984 1096 2047; x_wconf 79' lang='lat' dir='ltr'>generis</span> <span class='ocrx_word' id='word_1_91' title='bbox 1122 1999 1224 2034; x_wconf 84' lang='lat' dir='ltr'>errores</span> <span class='ocrx_word' id='word_1_92' title='bbox 1246 1982 1412 2032; x_wconf 82' lang='lat' dir='ltr'>devitantur.</span> 
     </span>
     <span class='ocr_line' id='line_1_14' title="bbox 332 2071 1413 2144; baseline -0.005 -19"><span class='ocrx_word' id='word_1_93' title='bbox 332 2073 485 2141; x_wconf 81' lang='lat' dir='ltr'>Ubicunque</span> <span class='ocrx_word' id='word_1_94' title='bbox 515 2075 642 2125; x_wconf 77' lang='lat' dir='ltr'>additur:</span> <span class='ocrx_word' id='word_1_95' title='bbox 673 2092 815 2144; x_wconf 68' lang='lat' dir='ltr'>supersum,</span> <span class='ocrx_word' id='word_1_96' title='bbox 851 2073 1046 2137; x_wconf 83' lang='lat' dir='ltr'>intelligendum</span> <span class='ocrx_word' id='word_1_97' title='bbox 1078 2076 1134 2123; x_wconf 81' lang='lat' dir='ltr'>est:</span> <span class='ocrx_word' id='word_1_98' title='bbox 1168 2071 1225 2122; x_wconf 77' lang='lat' dir='ltr'>sai</span> <span class='ocrx_word' id='word_1_99' title='bbox 1248 2071 1305 2122; x_wconf 86' lang='lat' dir='ltr'>alia</span> <span class='ocrx_word' id='word_1_100' title='bbox 1329 2087 1413 2121; x_wconf 85' lang='lat' dir='ltr'>manu</span> 
     </span>
     <span class='ocr_line' id='line_1_15' title="bbox 329 2161 1414 2232; baseline 0 -21"><span class='ocrx_word' id='word_1_101' title='bbox 329 2177 409 2228; x_wconf 89' lang='lat' dir='ltr'>eaque</span> <span class='ocrx_word' id='word_1_102' title='bbox 434 2164 628 2214; x_wconf 79' lang='lat' dir='ltr'>recentiore.&#39;&#39;&#39;</span> <span class='ocrx_word' id='word_1_103' title='bbox 652 2165 690 2215; x_wconf 82' lang='lat' dir='ltr'>Id</span> <span class='ocrx_word' id='word_1_104' title='bbox 713 2169 802 2215; x_wconf 80' lang='lat' dir='ltr'>autem</span> <span class='ocrx_word' id='word_1_105' title='bbox 821 2178 934 2232; x_wconf 86' lang='lat' dir='ltr'>prorsus</span> <span class='ocrx_word' id='word_1_106' title='bbox 958 2163 1131 2213; x_wconf 82' lang='lat' dir='ltr'>necessarium</span> <span class='ocrx_word' id='word_1_107' title='bbox 1155 2163 1208 2225; x_wconf 80' lang='lat' dir='ltr'>rst‘,</span> <span class='ocrx_word' id='word_1_108' title='bbox 1235 2164 1285 2224; x_wconf 83' lang='lat' dir='ltr'>ut,</span> <span class='ocrx_word' id='word_1_109' title='bbox 1308 2161 1362 2230; x_wconf 83' lang='lat' dir='ltr'>qui</span> <span class='ocrx_word' id='word_1_110' title='bbox 1382 2161 1414 2211; x_wconf 77' lang='lat' dir='ltr'>ee</span> 
     </span>
     <span class='ocr_line' id='line_1_16' title="bbox 328 2249 1412 2319; baseline -0.002 -19"><span class='ocrx_word' id='word_1_111' title='bbox 328 2255 396 2304; x_wconf 85' lang='lat' dir='ltr'>reete</span> <span class='ocrx_word' id='word_1_112' title='bbox 418 2253 461 2302; x_wconf 87' lang='lat' dir='ltr'>uti</span> <span class='ocrx_word' id='word_1_113' title='bbox 484 2255 564 2318; x_wconf 83' lang='lat' dir='ltr'>alque</span> <span class='ocrx_word' id='word_1_114' title='bbox 588 2254 641 2319; x_wconf 86' lang='lat' dir='ltr'>ipse</span> <span class='ocrx_word' id='word_1_115' title='bbox 670 2253 753 2304; x_wconf 86' lang='lat' dir='ltr'>denuo</span> <span class='ocrx_word' id='word_1_116' title='bbox 776 2253 910 2304; x_wconf 78' lang='lat' dir='ltr'>elaborare</span> <span class='ocrx_word' id='word_1_117' title='bbox 933 2252 1001 2303; x_wconf 85' lang='lat' dir='ltr'>volet</span> <span class='ocrx_word' id='word_1_118' title='bbox 1023 2253 1051 2303; x_wconf 87' lang='lat' dir='ltr'>in</span> <span class='ocrx_word' id='word_1_119' title='bbox 1075 2267 1144 2302; x_wconf 84' lang='lat' dir='ltr'>nova</span> <span class='ocrx_word' id='word_1_120' title='bbox 1165 2251 1262 2306; x_wconf 81' lang='lat' dir='ltr'>harum</span> <span class='ocrx_word' id='word_1_121' title='bbox 1283 2249 1412 2316; x_wconf 85' lang='lat' dir='ltr'>epistola-</span> 
     </span>
     <span class='ocr_line' id='line_1_17' title="bbox 329 2337 1412 2414; baseline 0 -26"><span class='ocrx_word' id='word_1_122' title='bbox 329 2354 390 2389; x_wconf 87' lang='lat' dir='ltr'>rum</span> <span class='ocrx_word' id='word_1_123' title='bbox 418 2341 578 2404; x_wconf 72' lang='lat' dir='ltr'>recensione,</span> <span class='ocrx_word' id='word_1_124' title='bbox 605 2357 686 2407; x_wconf 85' lang='lat' dir='ltr'>quam</span> <span class='ocrx_word' id='word_1_125' title='bbox 711 2342 819 2414; x_wconf 76' lang='lat' dir='ltr'>dicuni,</span> <span class='ocrx_word' id='word_1_126' title='bbox 848 2341 1022 2406; x_wconf 83' lang='lat' dir='ltr'>adornanda,</span> <span class='ocrx_word' id='word_1_127' title='bbox 1052 2342 1191 2392; x_wconf 85' lang='lat' dir='ltr'>ueletiam</span> <span class='ocrx_word' id='word_1_128' title='bbox 1217 2343 1286 2391; x_wconf 83' lang='lat' dir='ltr'>recle</span> <span class='ocrx_word' id='word_1_129' title='bbox 1307 2337 1412 2388; x_wconf 82' lang='lat' dir='ltr'>diiudi-</span> 
     </span>
     <span class='ocr_line' id='line_1_18' title="bbox 328 2429 1412 2499; baseline 0.002 -22"><span class='ocrx_word' id='word_1_130' title='bbox 328 2443 389 2478; x_wconf 83' lang='lat' dir='ltr'>care</span> <span class='ocrx_word' id='word_1_131' title='bbox 408 2444 514 2496; x_wconf 84' lang='lat' dir='ltr'>operam</span> <span class='ocrx_word' id='word_1_132' title='bbox 540 2445 557 2479; x_wconf 90' lang='lat' dir='ltr'>a</span> <span class='ocrx_word' id='word_1_133' title='bbox 577 2446 622 2490; x_wconf 64' lang='lat' dir='ltr'>,me</span> <span class='ocrx_word' id='word_1_134' title='bbox 646 2446 676 2481; x_wconf 86' lang='lat' dir='ltr'>ea</span> <span class='ocrx_word' id='word_1_135' title='bbox 701 2432 729 2481; x_wconf 85' lang='lat' dir='ltr'>in</span> <span class='ocrx_word' id='word_1_136' title='bbox 752 2447 780 2482; x_wconf 85' lang='lat' dir='ltr'>re</span> <span class='ocrx_word' id='word_1_137' title='bbox 798 2433 933 2499; x_wconf 86' lang='lat' dir='ltr'>positam,</span> <span class='ocrx_word' id='word_1_138' title='bbox 959 2433 1012 2498; x_wconf 89' lang='lat' dir='ltr'>ipse</span> <span class='ocrx_word' id='word_1_139' title='bbox 1034 2430 1128 2480; x_wconf 80' lang='lat' dir='ltr'>lrabeat</span> <span class='ocrx_word' id='word_1_140' title='bbox 1146 2429 1333 2480; x_wconf 78' lang='lat' dir='ltr'>Victoriarum</span> <span class='ocrx_word' id='word_1_141' title='bbox 1344 2430 1412 2496; x_wconf 83' lang='lat' dir='ltr'>pri-</span> 
     </span>
     <span class='ocr_line' id='line_1_19' title="bbox 328 2518 1412 2587; baseline 0 -19"><span class='ocrx_word' id='word_1_142' title='bbox 328 2533 416 2577; x_wconf 88' lang='lat' dir='ltr'>mam,·</span> <span class='ocrx_word' id='word_1_143' title='bbox 442 2519 478 2568; x_wconf 88' lang='lat' dir='ltr'>sic</span> <span class='ocrx_word' id='word_1_144' title='bbox 502 2519 590 2568; x_wconf 86' lang='lat' dir='ltr'>omnia</span> <span class='ocrx_word' id='word_1_145' title='bbox 609 2519 694 2586; x_wconf 83' lang='lat' dir='ltr'>plana</span> <span class='ocrx_word' id='word_1_146' title='bbox 716 2525 812 2580; x_wconf 83' lang='lat' dir='ltr'>erunt,·</span> <span class='ocrx_word' id='word_1_147' title='bbox 830 2521 877 2572; x_wconf 92' lang='lat' dir='ltr'>illa</span> <span class='ocrx_word' id='word_1_148' title='bbox 892 2521 1036 2572; x_wconf 76' lang='lat' dir='ltr'>destitutus</span> <span class='ocrx_word' id='word_1_149' title='bbox 1052 2521 1198 2587; x_wconf 82' lang='lat' dir='ltr'>saepissime</span> <span class='ocrx_word' id='word_1_150' title='bbox 1214 2518 1315 2569; x_wconf 82' lang='lat' dir='ltr'>errabit</span> <span class='ocrx_word' id='word_1_151' title='bbox 1331 2521 1412 2585; x_wconf 86' lang='lat' dir='ltr'>atque</span> 
     </span>
     <span class='ocr_line' id='line_1_20' title="bbox 328 2601 1267 2676; baseline 0.003 -19"><span class='ocrx_word' id='word_1_152' title='bbox 328 2608 357 2657; x_wconf 90' lang='lat' dir='ltr'>in</span> <span class='ocrx_word' id='word_1_153' title='bbox 373 2622 413 2657; x_wconf 89' lang='lat' dir='ltr'>me</span> <span class='ocrx_word' id='word_1_154' title='bbox 430 2608 538 2675; x_wconf 87' lang='lat' dir='ltr'>iniquus</span> <span class='ocrx_word' id='word_1_155' title='bbox 554 2609 614 2658; x_wconf 88' lang='lat' dir='ltr'>erit.</span> <span class='ocrx_word' id='word_1_156' title='bbox 647 2609 702 2659; x_wconf 80' lang='lat' dir='ltr'>Nee</span> <span class='ocrx_word' id='word_1_157' title='bbox 718 2625 764 2674; x_wconf 83' lang='lat' dir='ltr'>ego</span> <span class='ocrx_word' id='word_1_158' title='bbox 782 2611 861 2660; x_wconf 84' lang='lat' dir='ltr'>talem</span> <span class='ocrx_word' id='word_1_159' title='bbox 878 2609 987 2660; x_wconf 83' lang='lat' dir='ltr'>iudicem</span> <span class='ocrx_word' id='word_1_160' title='bbox 1004 2601 1124 2676; x_wconf 75' lang='lat' dir='ltr'>un&#39;quam</span> <span class='ocrx_word' id='word_1_161' title='bbox 1140 2609 1267 2675; x_wconf 80' lang='lat' dir='ltr'>refellam.</span> 
     </span>
    </p>
   </div>
   <div class='ocr_carea' id='block_1_5' title="bbox 360 2807 1410 2878">
    <p class='ocr_par' dir='ltr' id='par_1_5' title="bbox 360 2807 1410 2878">
     <span class='ocr_line' id='line_1_21' title="bbox 360 2807 1410 2878; baseline 0.003 -19"><span class='ocrx_word' id='word_1_162' title='bbox 360 2807 518 2878; x_wconf 72' lang='lat' dir='ltr'>Epistola</span> <span class='ocrx_word' id='word_1_163' title='bbox 533 2808 555 2860; x_wconf 90' lang='lat'>1.</span> <span class='ocrx_word' id='word_1_164' title='bbox 574 2807 601 2872; x_wconf 68' lang='lat' dir='ltr'>d.</span> <span class='ocrx_word' id='word_1_165' title='bbox 616 2809 641 2859; x_wconf 90' lang='lat'>1.</span> <span class='ocrx_word' id='word_1_166' title='bbox 658 2819 685 2860; x_wconf 89' lang='lat' dir='ltr'>et</span> <span class='ocrx_word' id='word_1_167' title='bbox 701 2809 842 2878; x_wconf 86' lang='lat' dir='ltr'>adliteras]</span> <span class='ocrx_word' id='word_1_168' title='bbox 855 2809 1101 2862; x_wconf 81' lang='lat' dir='ltr'>Victorius-ut</span> <span class='ocrx_word' id='word_1_169' title='bbox 1117 2810 1153 2860; x_wconf 87' lang='lat' dir='ltr'>aal</span> <span class='ocrx_word' id='word_1_170' title='bbox 1167 2809 1272 2861; x_wconf 75' lang='lat' dir='ltr'>litteras</span> <span class='ocrx_word' id='word_1_171' title='bbox 1289 2809 1410 2862; x_wconf 83' lang='lat' dir='ltr'>Codex</span> 
     </span>
    </p>
   </div>
   <div class='ocr_carea' id='block_1_6' title="bbox 324 2895 1477 2967">
    <p class='ocr_par' dir='ltr' id='par_1_6' title="bbox 324 2895 1477 2967">
     <span class='ocr_line' id='line_1_22' title="bbox 324 2895 1477 2967; baseline 0.004 -20"><span class='ocrx_word' id='word_1_172' title='bbox 324 2895 510 2949; x_wconf 72' lang='lat' dir='ltr'>Hedioeus.</span> <span class='ocrx_word' id='word_1_173' title='bbox 525 2927 560 2939; x_wconf 94' lang='grc'>--</span> <span class='ocrx_word' id='word_1_174' title='bbox 573 2899 763 2966; x_wconf 86' lang='lat' dir='ltr'>nesciocuius]</span> <span class='ocrx_word' id='word_1_175' title='bbox 785 2927 802 2938; x_wconf 93' lang='lat'>-</span> <span class='ocrx_word' id='word_1_176' title='bbox 819 2901 902 2950; x_wconf 88' lang='lat' dir='ltr'>nescio</span> <span class='ocrx_word' id='word_1_177' title='bbox 926 2903 1023 2966; x_wconf 81' lang='lat' dir='ltr'>quoa&#39;us</span> <span class='ocrx_word' id='word_1_178' title='bbox 1038 2927 1073 2940; x_wconf 90' lang='lat'>—</span> <span class='ocrx_word' id='word_1_179' title='bbox 1088 2898 1117 2952; x_wconf 81' lang='lat' dir='ltr'>S.</span> <span class='ocrx_word' id='word_1_180' title='bbox 1135 2898 1166 2951; x_wconf 83' lang='lat' dir='ltr'>C.</span> <span class='ocrx_word' id='word_1_181' title='bbox 1185 2898 1282 2967; x_wconf 84' lang='lat' dir='ltr'>edicta]</span> <span class='ocrx_word' id='word_1_182' title='bbox 1301 2928 1318 2938; x_wconf 96' lang='lat'><em>-</em></span> <span class='ocrx_word' id='word_1_183' title='bbox 1336 2917 1357 2952; x_wconf 88' lang='lat' dir='ltr'>s.</span> <span class='ocrx_word' id='word_1_184' title='bbox 1384 2917 1409 2953; x_wconf 84' lang='lat' dir='ltr'>c.</span> <span class='ocrx_word' id='word_1_185' title='bbox 1470 2929 1477 2936; x_wconf 96' lang='lat'>·</span> 
     </span>
    </p>
   </div>
   <div class='ocr_carea' id='block_1_7' title="bbox 317 2985 1412 3673">
    <p class='ocr_par' dir='ltr' id='par_1_7' title="bbox 317 2985 1412 3673">
     <span class='ocr_line' id='line_1_23' title="bbox 327 2985 1410 3056; baseline 0.002 -20"><span class='ocrx_word' id='word_1_186' title='bbox 327 2986 411 3037; x_wconf 84' lang='lat' dir='ltr'>dictae</span> <span class='ocrx_word' id='word_1_187' title='bbox 429 3017 464 3028; x_wconf 84' lang='lat'><strong>—</strong></span> <span class='ocrx_word' id='word_1_188' title='bbox 486 2987 639 3055; x_wconf 81' lang='lat' dir='ltr'>exhibeam]</span> <span class='ocrx_word' id='word_1_189' title='bbox 668 3015 685 3027; x_wconf 89' lang='lat'><em>-</em></span> <span class='ocrx_word' id='word_1_190' title='bbox 708 3004 739 3039; x_wconf 82' lang='lat' dir='ltr'>ea</span> <span class='ocrx_word' id='word_1_191' title='bbox 762 3004 793 3038; x_wconf 88' lang='lat' dir='ltr'>ea</span> <span class='ocrx_word' id='word_1_192' title='bbox 814 2987 887 3038; x_wconf 79' lang='lat' dir='ltr'>hilca</span> <span class='ocrx_word' id='word_1_193' title='bbox 908 2987 969 3054; x_wconf 76' lang='lat' dir='ltr'>(sic)</span> <span class='ocrx_word' id='word_1_194' title='bbox 984 3015 1018 3027; x_wconf 90' lang='lat'>-</span> <span class='ocrx_word' id='word_1_195' title='bbox 1034 2985 1061 3052; x_wconf 64' lang='lat'>5.</span> <span class='ocrx_word' id='word_1_196' title='bbox 1077 2987 1102 3037; x_wconf 77' lang='lat'><em>2</em></span> <span class='ocrx_word' id='word_1_197' title='bbox 1121 3004 1154 3037; x_wconf 93' lang='lat' dir='ltr'>ne</span> <span class='ocrx_word' id='word_1_198' title='bbox 1172 2988 1370 3056; x_wconf 82' lang='lat' dir='ltr'>tenuissimam]</span> <span class='ocrx_word' id='word_1_199' title='bbox 1392 3018 1410 3028; x_wconf 89' lang='lat'>-</span> 
     </span>
     <span class='ocr_line' id='line_1_24' title="bbox 326 3063 1410 3145; baseline 0.002 -19"><span class='ocrx_word' id='word_1_200' title='bbox 326 3091 358 3126; x_wconf 90' lang='lat' dir='ltr'>ne</span> <span class='ocrx_word' id='word_1_201' title='bbox 383 3079 521 3128; x_wconf 86' lang='lat' dir='ltr'>tenuissem</span> <span class='ocrx_word' id='word_1_202' title='bbox 542 3103 575 3117; x_wconf 87' lang='lat'>-·</span> <span class='ocrx_word' id='word_1_203' title='bbox 599 3077 701 3145; x_wconf 85' lang='lat' dir='ltr'>accepi]</span> <span class='ocrx_word' id='word_1_204' title='bbox 725 3106 742 3117; x_wconf 93' lang='lat'><em>-</em></span> <span class='ocrx_word' id='word_1_205' title='bbox 766 3078 902 3142; x_wconf 82' lang='lat' dir='ltr'>accipi-</span> <span class='ocrx_word' id='word_1_206' title='bbox 923 3093 970 3126; x_wconf 91' lang='lat' dir='ltr'>nos</span> <span class='ocrx_word' id='word_1_207' title='bbox 988 3075 1115 3143; x_wconf 86' lang='lat' dir='ltr'>essemus]</span> <span class='ocrx_word' id='word_1_208' title='bbox 1134 3063 1152 3116; x_wconf 57' lang='grc' dir='ltr'>ἕ-</span> <span class='ocrx_word' id='word_1_209' title='bbox 1168 3092 1221 3127; x_wconf 87' lang='lat' dir='ltr'>nen</span> <span class='ocrx_word' id='word_1_210' title='bbox 1233 3092 1343 3126; x_wconf 87' lang='lat' dir='ltr'>essemus</span> <span class='ocrx_word' id='word_1_211' title='bbox 1356 3094 1410 3128; x_wconf 88' lang='lat' dir='ltr'>su-</span> 
     </span>
     <span class='ocr_line' id='line_1_25' title="bbox 325 3163 1408 3234; baseline 0.004 -21"><span class='ocrx_word' id='word_1_212' title='bbox 325 3181 422 3232; x_wconf 84' lang='lat' dir='ltr'>perscr.</span> <span class='ocrx_word' id='word_1_213' title='bbox 447 3181 470 3226; x_wconf 86' lang='lat' dir='ltr'>e,</span> <span class='ocrx_word' id='word_1_214' title='bbox 497 3173 526 3215; x_wconf 90' lang='lat' dir='ltr'>ut</span> <span class='ocrx_word' id='word_1_215' title='bbox 545 3166 592 3214; x_wconf 89' lang='lat' dir='ltr'>sit:</span> <span class='ocrx_word' id='word_1_216' title='bbox 618 3181 675 3214; x_wconf 88' lang='lat' dir='ltr'>nos.</span> <span class='ocrx_word' id='word_1_217' title='bbox 700 3191 735 3203; x_wconf 90' lang='lat'>-—</span> <span class='ocrx_word' id='word_1_218' title='bbox 758 3163 784 3227; x_wconf 65' lang='lat' dir='ltr'>d.</span> <span class='ocrx_word' id='word_1_219' title='bbox 806 3166 831 3214; x_wconf 82' lang='lat'>3.</span> <span class='ocrx_word' id='word_1_220' title='bbox 849 3163 1003 3231; x_wconf 89' lang='lat' dir='ltr'>ostenderit]</span> <span class='ocrx_word' id='word_1_221' title='bbox 1026 3193 1043 3203; x_wconf 93' lang='lat'>-</span> <span class='ocrx_word' id='word_1_222' title='bbox 1058 3165 1202 3215; x_wconf 82' lang='lat' dir='ltr'>ostenderet</span> <span class='ocrx_word' id='word_1_223' title='bbox 1217 3194 1250 3204; x_wconf 93' lang='lat'>-</span> <span class='ocrx_word' id='word_1_224' title='bbox 1267 3177 1408 3234; x_wconf 80' lang='lat' dir='ltr'>appareat,</span> 
     </span>
     <span class='ocr_line' id='line_1_26' title="bbox 325 3250 1412 3321; baseline 0.004 -18"><span class='ocrx_word' id='word_1_225' title='bbox 325 3253 404 3321; x_wconf 84' lang='lat' dir='ltr'>qnid]</span> <span class='ocrx_word' id='word_1_226' title='bbox 430 3279 446 3292; x_wconf 92' lang='lat'>··</span> <span class='ocrx_word' id='word_1_227' title='bbox 467 3257 595 3320; x_wconf 82' lang='lat' dir='ltr'>appareat</span> <span class='ocrx_word' id='word_1_228' title='bbox 614 3256 646 3303; x_wconf 81' lang='lat' dir='ltr'>ul</span> <span class='ocrx_word' id='word_1_229' title='bbox 666 3251 784 3319; x_wconf 83' lang='lat' dir='ltr'>quid-</span> <span class='ocrx_word' id='word_1_230' title='bbox 807 3250 834 3314; x_wconf 65' lang='lat' dir='ltr'>d.</span> <span class='ocrx_word' id='word_1_231' title='bbox 856 3252 881 3302; x_wconf 75' lang='lat'>4.</span> <span class='ocrx_word' id='word_1_232' title='bbox 907 3251 1067 3321; x_wconf 77' lang='lat' dir='ltr'>Bellovacos]</span> <span class='ocrx_word' id='word_1_233' title='bbox 1094 3283 1111 3294; x_wconf 89' lang='lat'><em>-</em></span> <span class='ocrx_word' id='word_1_234' title='bbox 1134 3254 1251 3305; x_wconf 77' lang='lat' dir='ltr'>beluacus</span> <span class='ocrx_word' id='word_1_235' title='bbox 1277 3285 1309 3294; x_wconf 91' lang='lat'><em>-</em></span> <span class='ocrx_word' id='word_1_236' title='bbox 1332 3255 1357 3319; x_wconf 65' lang='lat' dir='ltr'>d·</span> <span class='ocrx_word' id='word_1_237' title='bbox 1382 3259 1412 3307; x_wconf 83' lang='lat'>5.</span> 
     </span>
     <span class='ocr_line' id='line_1_27' title="bbox 323 3340 1412 3411; baseline 0.003 -19"><span class='ocrx_word' id='word_1_238' title='bbox 323 3343 401 3411; x_wconf 88' lang='lat' dir='ltr'>capiti</span> <span class='ocrx_word' id='word_1_239' title='bbox 423 3340 470 3408; x_wconf 88' lang='lat' dir='ltr'>sit]</span> <span class='ocrx_word' id='word_1_240' title='bbox 496 3370 513 3379; x_wconf 92' lang='lat'><em>-</em></span> <span class='ocrx_word' id='word_1_241' title='bbox 535 3343 615 3408; x_wconf 80' lang='lat' dir='ltr'>capiti</span> <span class='ocrx_word' id='word_1_242' title='bbox 633 3342 687 3391; x_wconf 85' lang='lat' dir='ltr'>sint</span> <span class='ocrx_word' id='word_1_243' title='bbox 707 3369 742 3379; x_wconf 90' lang='lat'>-</span> <span class='ocrx_word' id='word_1_244' title='bbox 764 3341 892 3408; x_wconf 87' lang='lat' dir='ltr'>periisse,</span> <span class='ocrx_word' id='word_1_245' title='bbox 920 3343 954 3392; x_wconf 85' lang='lat' dir='ltr'>ita</span> <span class='ocrx_word' id='word_1_246' title='bbox 975 3350 1004 3393; x_wconf 88' lang='lat' dir='ltr'>ut</span> <span class='ocrx_word' id='word_1_247' title='bbox 1027 3345 1055 3392; x_wconf 92' lang='lat' dir='ltr'>in</span> <span class='ocrx_word' id='word_1_248' title='bbox 1076 3341 1155 3409; x_wconf 89' lang='lat' dir='ltr'>urbe]</span> <span class='ocrx_word' id='word_1_249' title='bbox 1175 3369 1193 3381; x_wconf 92' lang='lat'><strong>·</strong></span> <span class='ocrx_word' id='word_1_250' title='bbox 1208 3345 1308 3410; x_wconf 87' lang='lat' dir='ltr'>perisse</span> <span class='ocrx_word' id='word_1_251' title='bbox 1324 3359 1359 3393; x_wconf 88' lang='lat' dir='ltr'>ur</span> <span class='ocrx_word' id='word_1_252' title='bbox 1379 3346 1412 3395; x_wconf 85' lang='lat' dir='ltr'>de</span> 
     </span>
     <span class='ocr_line' id='line_1_28' title="bbox 322 3427 1411 3500; baseline 0.001 -19"><span class='ocrx_word' id='word_1_253' title='bbox 322 3431 387 3482; x_wconf 85' lang='lat' dir='ltr'>urbe</span> <span class='ocrx_word' id='word_1_254' title='bbox 403 3427 437 3470; x_wconf 75' lang='grc'>-’</span> <span class='ocrx_word' id='word_1_255' title='bbox 455 3431 506 3481; x_wconf 87' lang='lat' dir='ltr'>fuit</span> <span class='ocrx_word' id='word_1_256' title='bbox 521 3441 546 3484; x_wconf 88' lang='lat' dir='ltr'>te</span> <span class='ocrx_word' id='word_1_257' title='bbox 560 3450 574 3480; x_wconf 92' lang='lat' dir='ltr'>a</span> <span class='ocrx_word' id='word_1_258' title='bbox 589 3429 621 3499; x_wconf 81' lang='lat' dir='ltr'>Q.</span> <span class='ocrx_word' id='word_1_259' title='bbox 639 3428 777 3498; x_wconf 88' lang='lat' dir='ltr'>Pompeio]</span> <span class='ocrx_word' id='word_1_260' title='bbox 797 3457 814 3469; x_wconf 91' lang='lat'><em>-</em></span> <span class='ocrx_word' id='word_1_261' title='bbox 824 3431 885 3494; x_wconf 77' lang='lat' dir='ltr'>suit</span> <span class='ocrx_word' id='word_1_262' title='bbox 900 3434 980 3497; x_wconf 84' lang='lat' dir='ltr'>alque</span> <span class='ocrx_word' id='word_1_263' title='bbox 1002 3433 1170 3499; x_wconf 84' lang='lat' dir='ltr'>pompeio-</span> <span class='ocrx_word' id='word_1_264' title='bbox 1186 3434 1243 3483; x_wconf 90' lang='lat' dir='ltr'>eius</span> <span class='ocrx_word' id='word_1_265' title='bbox 1258 3431 1370 3500; x_wconf 89' lang='lat' dir='ltr'>esuriei]</span> <span class='ocrx_word' id='word_1_266' title='bbox 1392 3464 1411 3473; x_wconf 91' lang='lat'>-</span> 
     </span>
     <span class='ocr_line' id='line_1_29' title="bbox 323 3517 1410 3588; baseline 0.004 -19"><span class='ocrx_word' id='word_1_267' title='bbox 323 3521 378 3570; x_wconf 88' lang='lat' dir='ltr'>eius</span> <span class='ocrx_word' id='word_1_268' title='bbox 411 3520 511 3569; x_wconf 86' lang='lat' dir='ltr'>esurire</span> <span class='ocrx_word' id='word_1_269' title='bbox 541 3547 576 3562; x_wconf 84' lang='lat'>-—</span> <span class='ocrx_word' id='word_1_270' title='bbox 605 3517 805 3587; x_wconf 85' lang='lat' dir='ltr'>impenderent,</span> <span class='ocrx_word' id='word_1_271' title='bbox 829 3528 858 3569; x_wconf 90' lang='lat' dir='ltr'>ut</span> <span class='ocrx_word' id='word_1_272' title='bbox 881 3519 1099 3588; x_wconf 74' lang='lat' dir='ltr'>defungeremur]</span> <span class='ocrx_word' id='word_1_273' title='bbox 1127 3548 1143 3559; x_wconf 94' lang='lat'><em>-</em></span> <span class='ocrx_word' id='word_1_274' title='bbox 1168 3521 1326 3588; x_wconf 78' lang='lat' dir='ltr'>impenderet</span> <span class='ocrx_word' id='word_1_275' title='bbox 1347 3523 1410 3573; x_wconf 81' lang='lat' dir='ltr'>vide</span> 
     </span>
     <span class='ocr_line' id='line_1_30' title="bbox 317 3605 941 3673; baseline 0.002 -16"><span class='ocrx_word' id='word_1_276' title='bbox 317 3607 495 3671; x_wconf 79' lang='lat' dir='ltr'>fungeremur</span> <span class='ocrx_word' id='word_1_277' title='bbox 516 3636 551 3648; x_wconf 91' lang='lat'><em>-</em></span> <span class='ocrx_word' id='word_1_278' title='bbox 577 3605 603 3670; x_wconf 59' lang='grc' dir='ltr'><strong>ᾗ.</strong></span> <span class='ocrx_word' id='word_1_279' title='bbox 625 3607 650 3657; x_wconf 88' lang='grc'>6.</span> <span class='ocrx_word' id='word_1_280' title='bbox 673 3605 777 3673; x_wconf 78' lang='lat' dir='ltr'>rigent]</span> <span class='ocrx_word' id='word_1_281' title='bbox 804 3634 821 3645; x_wconf 93' lang='lat'>-</span> <span class='ocrx_word' id='word_1_282' title='bbox 844 3608 941 3672; x_wconf 83' lang='lat' dir='ltr'>uigens.</span> 
     </span>
    </p>
   </div>
   <div class='ocr_carea' id='block_1_8' title="bbox 324 3807 1412 4146">
    <p class='ocr_par' dir='ltr' id='par_1_8' title="bbox 324 3807 1412 4146">
     <span class='ocr_line' id='line_1_31' title="bbox 359 3807 1412 3880; baseline 0.003 -20"><span class='ocrx_word' id='word_1_283' title='bbox 359 3807 529 3878; x_wconf 73' lang='lat' dir='ltr'>Epistola</span> <span class='ocrx_word' id='word_1_284' title='bbox 554 3808 589 3860; x_wconf 90' lang='grc' dir='ltr'><strong>Π.</strong></span> <span class='ocrx_word' id='word_1_285' title='bbox 613 3807 640 3872; x_wconf 66' lang='lat' dir='ltr'>d.</span> <span class='ocrx_word' id='word_1_286' title='bbox 663 3809 687 3859; x_wconf 79' lang='lat'>1.</span> <span class='ocrx_word' id='word_1_287' title='bbox 706 3807 776 3877; x_wconf 81' lang='lat' dir='ltr'>Quid</span> <span class='ocrx_word' id='word_1_288' title='bbox 790 3808 867 3877; x_wconf 89' lang='lat' dir='ltr'>alios]</span> <span class='ocrx_word' id='word_1_289' title='bbox 888 3812 990 3878; x_wconf 81' lang='lat' dir='ltr'>-quod</span> <span class='ocrx_word' id='word_1_290' title='bbox 1001 3811 1139 3864; x_wconf 82' lang='lat' dir='ltr'>n.-ssd</span> <span class='ocrx_word' id='word_1_291' title='bbox 1154 3822 1210 3863; x_wconf 91' lang='lat' dir='ltr'>tum</span> <span class='ocrx_word' id='word_1_292' title='bbox 1227 3813 1262 3862; x_wconf 85' lang='lat' dir='ltr'>ita</span> <span class='ocrx_word' id='word_1_293' title='bbox 1276 3812 1412 3880; x_wconf 81' lang='lat' dir='ltr'>bene]—</span> 
     </span>
     <span class='ocr_line' id='line_1_32' title="bbox 325 3897 1411 3968; baseline 0.003 -19"><span class='ocrx_word' id='word_1_294' title='bbox 325 3899 369 3950; x_wconf 86' lang='lat' dir='ltr'>eed</span> <span class='ocrx_word' id='word_1_295' title='bbox 386 3902 445 3950; x_wconf 82' lang='lat' dir='ltr'>iata</span> <span class='ocrx_word' id='word_1_296' title='bbox 463 3899 523 3950; x_wconf 82' lang='lat' dir='ltr'>bene</span> <span class='ocrx_word' id='word_1_297' title='bbox 545 3927 579 3938; x_wconf 89' lang='lat'><em>-</em></span> <span class='ocrx_word' id='word_1_298' title='bbox 600 3897 696 3966; x_wconf 79' lang='lat' dir='ltr'>cuivis]</span> <span class='ocrx_word' id='word_1_299' title='bbox 726 3925 739 3937; x_wconf 88' lang='lat'><strong>·</strong></span> <span class='ocrx_word' id='word_1_300' title='bbox 765 3900 858 3964; x_wconf 86' lang='lat' dir='ltr'>quovis</span> <span class='ocrx_word' id='word_1_301' title='bbox 880 3927 913 3938; x_wconf 88' lang='lat'><em>-</em></span> <span class='ocrx_word' id='word_1_302' title='bbox 936 3898 963 3962; x_wconf 67' lang='lat' dir='ltr'>d.</span> <span class='ocrx_word' id='word_1_303' title='bbox 994 3900 1020 3950; x_wconf 82' lang='lat'>2.</span> <span class='ocrx_word' id='word_1_304' title='bbox 1048 3916 1101 3950; x_wconf 88' lang='lat' dir='ltr'>non</span> <span class='ocrx_word' id='word_1_305' title='bbox 1122 3899 1228 3968; x_wconf 89' lang='lat' dir='ltr'>inertia]</span> <span class='ocrx_word' id='word_1_306' title='bbox 1260 3929 1278 3941; x_wconf 92' lang='lat'>-</span> <span class='ocrx_word' id='word_1_307' title='bbox 1300 3917 1353 3951; x_wconf 86' lang='lat' dir='ltr'>non</span> <span class='ocrx_word' id='word_1_308' title='bbox 1379 3904 1411 3953; x_wconf 78' lang='lat' dir='ltr'>in</span> 
     </span>
     <span class='ocr_line' id='line_1_33' title="bbox 326 3986 1411 4058; baseline 0.003 -20"><span class='ocrx_word' id='word_1_309' title='bbox 326 3989 408 4039; x_wconf 84' lang='lat' dir='ltr'>tertia</span> <span class='ocrx_word' id='word_1_310' title='bbox 429 4014 464 4027; x_wconf 82' lang='lat'><em>-</em></span> <span class='ocrx_word' id='word_1_311' title='bbox 484 3987 633 4056; x_wconf 72' lang='lat' dir='ltr'>ridebatur]</span> <span class='ocrx_word' id='word_1_312' title='bbox 657 3988 850 4038; x_wconf 83' lang='lat' dir='ltr'>-uidebantur</span> <span class='ocrx_word' id='word_1_313' title='bbox 873 4015 908 4026; x_wconf 90' lang='lat'><em>-</em></span> <span class='ocrx_word' id='word_1_314' title='bbox 930 3986 968 4050; x_wconf 62' lang='lat' dir='ltr'>i„</span> <span class='ocrx_word' id='word_1_315' title='bbox 993 3989 1018 4037; x_wconf 82' lang='lat'>3.</span> <span class='ocrx_word' id='word_1_316' title='bbox 1049 3989 1120 4057; x_wconf 86' lang='lat' dir='ltr'>quod</span> <span class='ocrx_word' id='word_1_317' title='bbox 1145 3989 1177 4040; x_wconf 88' lang='lat' dir='ltr'>ad</span> <span class='ocrx_word' id='word_1_318' title='bbox 1207 3989 1361 4058; x_wconf 74' lang='lat' dir='ltr'>pantheras]</span> <span class='ocrx_word' id='word_1_319' title='bbox 1391 4017 1411 4032; x_wconf 85' lang='lat'><em>—</em></span> 
     </span>
     <span class='ocr_line' id='line_1_34' title="bbox 324 4074 1301 4146; baseline 0.002 -20"><span class='ocrx_word' id='word_1_320' title='bbox 324 4076 395 4143; x_wconf 84' lang='lat' dir='ltr'>quael</span> <span class='ocrx_word' id='word_1_321' title='bbox 415 4074 560 4143; x_wconf 74' lang='lat' dir='ltr'>pantheras</span> <span class='ocrx_word' id='word_1_322' title='bbox 583 4103 617 4116; x_wconf 93' lang='lat'>·-</span> <span class='ocrx_word' id='word_1_323' title='bbox 642 4075 669 4142; x_wconf 58' lang='grc' dir='ltr'><strong>ᾗ.</strong></span> <span class='ocrx_word' id='word_1_324' title='bbox 689 4076 715 4127; x_wconf 75' lang='lat' dir='ltr'>d.</span> <span class='ocrx_word' id='word_1_325' title='bbox 738 4075 856 4128; x_wconf 87' lang='lat' dir='ltr'>Srimum</span> <span class='ocrx_word' id='word_1_326' title='bbox 884 4077 949 4144; x_wconf 84' lang='lat' dir='ltr'>(err.</span> <span class='ocrx_word' id='word_1_327' title='bbox 973 4077 1110 4146; x_wconf 82' lang='lat' dir='ltr'>typogr.)]</span> <span class='ocrx_word' id='word_1_328' title='bbox 1135 4106 1152 4117; x_wconf 93' lang='lat'>-</span> <span class='ocrx_word' id='word_1_329' title='bbox 1171 4079 1301 4145; x_wconf 86' lang='lat' dir='ltr'>primum.</span> 
     </span>
    </p>
   </div>
   <div class='ocr_carea' id='block_1_9' title="bbox 323 4277 1411 4437">
    <p class='ocr_par' dir='ltr' id='par_1_9' title="bbox 323 4277 1411 4437">
     <span class='ocr_line' id='line_1_35' title="bbox 361 4277 1411 4349; baseline 0 -18"><span class='ocrx_word' id='word_1_330' title='bbox 361 4277 523 4349; x_wconf 81' lang='lat' dir='ltr'>lipistola</span> <span class='ocrx_word' id='word_1_331' title='bbox 545 4278 592 4330; x_wconf 87' lang='lat'>111.</span> <span class='ocrx_word' id='word_1_332' title='bbox 615 4277 642 4344; x_wconf 73' lang='lat'>§-</span> <span class='ocrx_word' id='word_1_333' title='bbox 665 4280 689 4329; x_wconf 88' lang='lat'>1.</span> <span class='ocrx_word' id='word_1_334' title='bbox 715 4288 771 4342; x_wconf 85' lang='lat' dir='ltr'>est,</span> <span class='ocrx_word' id='word_1_335' title='bbox 794 4277 941 4346; x_wconf 87' lang='lat' dir='ltr'>siquidem]</span> <span class='ocrx_word' id='word_1_336' title='bbox 970 4306 984 4315; x_wconf 97' lang='lat'>-</span> <span class='ocrx_word' id='word_1_337' title='bbox 1008 4283 1033 4328; x_wconf 85' lang='lat' dir='ltr'>et</span> <span class='ocrx_word' id='word_1_338' title='bbox 1059 4280 1185 4346; x_wconf 78' lang='lat' dir='ltr'>siquidem</span> <span class='ocrx_word' id='word_1_339' title='bbox 1210 4308 1244 4318; x_wconf 89' lang='lat'>-</span> <span class='ocrx_word' id='word_1_340' title='bbox 1266 4296 1315 4345; x_wconf 76' lang='lat' dir='ltr'>ego</span> <span class='ocrx_word' id='word_1_341' title='bbox 1339 4278 1411 4332; x_wconf 92' lang='lat' dir='ltr'>dili-</span> 
     </span>
     <span class='ocr_line' id='line_1_36' title="bbox 323 4367 1408 4437; baseline -0.002 -15"><span class='ocrx_word' id='word_1_342' title='bbox 323 4371 424 4437; x_wconf 61' lang='lat' dir='ltr'>gentins</span> <span class='ocrx_word' id='word_1_343' title='bbox 438 4367 538 4436; x_wconf 84' lang='lat' dir='ltr'>ieotito]</span> <span class='ocrx_word' id='word_1_344' title='bbox 559 4395 576 4414; x_wconf 79' lang='grc' dir='ltr'>ι</span> <span class='ocrx_word' id='word_1_345' title='bbox 591 4385 618 4421; x_wconf 89' lang='lat' dir='ltr'>ec</span> <span class='ocrx_word' id='word_1_346' title='bbox 637 4368 788 4433; x_wconf 74' lang='lat' dir='ltr'>diligentius</span> <span class='ocrx_word' id='word_1_347' title='bbox 805 4367 891 4432; x_wconf 83' lang='lat' dir='ltr'>facita</span> <span class='ocrx_word' id='word_1_348' title='bbox 907 4396 941 4409; x_wconf 87' lang='lat'><em>-</em></span> <span class='ocrx_word' id='word_1_349' title='bbox 957 4367 1065 4422; x_wconf 87' lang='lat' dir='ltr'>otiolum</span> <span class='ocrx_word' id='word_1_350' title='bbox 1077 4369 1180 4436; x_wconf 88' lang='lat' dir='ltr'>meum]</span> <span class='ocrx_word' id='word_1_351' title='bbox 1202 4397 1217 4408; x_wconf 89' lang='lat'>-</span> <span class='ocrx_word' id='word_1_352' title='bbox 1234 4369 1349 4420; x_wconf 84' lang='lat' dir='ltr'>otiosum</span> <span class='ocrx_word' id='word_1_353' title='bbox 1368 4387 1408 4420; x_wconf 89' lang='lat' dir='ltr'>m.</span> 
     </span>
    </p>
   </div>
   <div class='ocr_carea' id='block_1_10' title="bbox 0 0 1522 5166">
    <p class='ocr_par' dir='ltr' id='par_1_10' title="bbox 0 0 1522 5166">
     <span class='ocr_line' id='line_1_37' title="bbox 0 0 1522 5166; baseline 0 1"><span class='ocrx_word' id='word_1_354' title='bbox 0 0 1522 5166; x_wconf 95' lang='lat' dir='ltr'> </span> 
     </span>
    </p>
   </div>
  </div>
 </body>
</html>
