2978 5186
825 403 889 464 148

364 629 428 688 Inui
456 619 723 683 demonstrandum
755 629 798 677 est
810 661 820 691 ,
842 617 875 674 in
896 615 1098 695 reliquisfere
1118 605 1383 694 omnibus,etia1n

322 735 354 792 in
375 731 508 809 antiquis
526 741 563 787 et
576 725 672 784 bonae
689 729 777 782 uotae
798 717 958 779 (lodicibus
980 720 1105 778 eandem
1128 731 1181 778 sut
1197 719 1382 778 simillimam

322 839 428 896 saltem
449 831 566 894 ordinis
584 827 792 888 confusionem
813 823 1009 902 deprehendi.
1037 823 1119 882 Unus
1130 822 1281 883 llediceus
1292 823 1382 897 liber,

323 950 471 1022 quantum
492 954 576 995 nune
593 931 717 1012 quidem
739 937 821 986 certe
841 929 972 1003 scimus,
991 927 1188 1006 excipiendus
1207 937 1273 1004 est,
1293 947 1381 1008 quem

320 1047 370 1105 vel
397 1045 454 1102 hoc
487 1062 547 1100 uno
568 1039 695 1117 reliquis
713 1035 960 1112 praestantiorem
982 1051 1046 1092 esse
1062 1034 1280 1112 intelligimus,
1302 1035 1380 1114 quod

318 1149 483 1208 naturalem
511 1155 538 1203 et
565 1161 665 1202 cerum
690 1139 794 1197 darum
821 1137 1012 1218 epistolarum
1031 1139 1163 1196 ordimem
1182 1159 1243 1197 mort
1258 1150 1379 1219 pertur-

320 1255 410 1313 bavit.
464 1250 504 1311 Eo
522 1258 623 1308 autem
647 1244 725 1302 libro
752 1245 885 1322 primum
913 1241 1091 1316 Petrarcb'a,
1120 1243 1231 1302 deinde
1250 1244 1380 1323 Angelus

318 1360 503 1426 Politianus‚
530 1354 664 1431 deniquo
692 1348 843 1408 Victorius
875 1367 947 1407 usus
962 1358 1035 1408 eret.
1076 1349 1235 1408 Petrercha
1252 1350 1379 1409 eundem

318 1464 457 1524 Codicem
469 1505 485 1531 ,,
507 1469 540 1518 ut
550 1455 682 1536 plurimi
703 1453 852 1532 putebant
869 1461 899 1511 et
919 1454 1030 1531 partim
1048 1471 1084 1510 ex
1104 1453 1246 1512 Politieui
1265 1455 1378 1514 Miscel-

317 1571 411 1628 lnueis
439 1585 503 1644 cap.
532 1561 615 1633 XXV,
637 1560 748 1639 partim
776 1579 812 1618 ex
838 1568 909 1616 nota
939 1557 1063 1617 Victorii
1088 1558 1195 1616 adlib.
1215 1559 1285 1630 llll,
1308 1561 1378 1638 epl

213 1657 218 1670 ’
318 1673 429 1733 verbe:
448 1669 563 1729 dernier
583 1687 643 1725 esse
659 1663 801 1742 polito·
813 1664 1021 1740 cognoscitur,
1037 1681 1130 1721 mnne
1150 1682 1204 1722 sua
1218 1663 1379 1744 descripse-

316 1790 373 1837 rat.
414 1777 512 1851 Quare
550 1771 641 1830 etiam
669 1777 797 1847 uterque
823 1767 940 1842 Codex,
968 1787 1059 1848 quern
1086 1768 1251 1827 Politianus
1277 1769 1377 1843 affert,

315 1885 410 1944 unius
431 1850 572 1948 tantum,
600 1874 652 1933 sed
682 1873 791 1952 optimi
818 1872 902 1932 illius
932 1874 1142 1931 auctoritatem
1169 1891 1241 1951 prae
1266 1892 1299 1932 sc
1315 1873 1377 1933 lert.

317 1991 392 2050 llam
418 1988 483 2065 ipsc
511 1979 679 2042 Politianus
707 1979 740 2036 in
768 1977 829 2036 fine
853 1978 980 2036 adiecit:
1006 1977 1096 2036 ceder
1121 1988 1241 2057 uterque
1266 1979 1314 2037 vel
1329 1979 1375 2037 r'llc

313 2095 458 2172 antiquus
483 2087 529 2147 vel
555 2086 604 2144 lu'c
630 2103 667 2142 ec
692 2104 724 2143 eo
753 2083 854 2142 statim
874 2092 963 2141 matus
980 2115 1017 2129 -
1038 2083 1150 2162 quibus
1170 2084 1271 2142 verbis
1290 2085 1375 2144 illum

314 2197 480 2258 llediceum
505 2202 535 2255 et
559 2189 688 2250 alterum
709 2186 888 2246 Petrarchee
903 2207 997 2246 manu
1015 2187 1200 2268 descriptum
1214 2189 1375 2248 indicebat.

312 2302 355 2360 Ex
373 2301 444 2378 ipsis
462 2307 563 2356 autem
582 2293 706 2352 Victorii
723 2292 821 2350 verbis
837 2292 876 2350 ad
891 2292 945 2353 lib.
960 2292 1026 2352 Vll.
1047 2297 1133 2372 epist.
1148 2295 1222 2354 XVI.
1242 2305 1373 2374 apparet,

312 2405 454 2467 Politieni
465 2403 558 2461 libros
576 2398 710 2472 abillis,
729 2416 805 2476 quos
821 2398 971 2457 Victorius
987 2407 1179 2478 sequeretur,
1197 2419 1259 2471 non
1276 2399 1374 2460 direr-

268 2509 273 2520 ’
314 2529 361 2572 sos
377 2511 481 2569 fnisse.
511 2507 559 2566 lbi
574 2506 685 2564 diserte
703 2503 831 2562 affirmat
851 2504 889 2563 de
904 2503 1068 2563 Politiano:
1089 2503 1372 2584 eademecemplom'o

309 2616 477 2708 sequimur,
500 2611 609 2692 quibus
630 2609 681 2667 ille
703 2607 823 2666 edictos
841 2607 1064 2666 commodiorem
1083 2608 1160 2667 lunc
1181 2609 1279 2666 locum
1287 2609 1370 2688 ferit.
1467 2603 1468 2618 ³

351 2720 438 2780 Nunc
460 2716 614 2776 laudande
635 2724 705 2774 sunt
732 2716 798 2793 ipsu
822 2714 924 2774 Aneur
954 2714 1092 2774 Pomrurr
1115 2715 1226 2786 rerba,
1250 2716 1289 2772 in·
1309 2716 1368 2773 eius

310 2823 507 2885 miscellaneis
531 2841 596 2899 cap.
618 2817 692 2879 XXV
709 2818 841 2898 prolata,
861 2839 940 2897 quae
957 2819 1082 2897 quidem
1100 2819 1245 2878 Graevius
1264 2819 1371 2899 aliique

311 2932 491 3007 interpretes
519 2926 616 3002 magis
642 2924 793 3002 respicere
817 2943 917 3002 neque
938 2924 1077 2983 omittere
1094 2923 1284 2997 debuissent,
1304 2924 1369 3003 quia

310 3050 347 3089 ex
366 3009 523 3106 itslpatet,
546 3030 608 3085 iem
636 3027 776 3086 Politieni
799 3038 895 3086 aetate
918 3036 1036 3106 praeter
1051 3028 1217 3087 Mediceum
1236 3027 1368 3087 codicem

214 3137 222 3145 '
312 3151 416 3193 omnes
441 3130 574 3208 reliquos
601 3129 800 3190 Codices'iste
817 3132 1011 3211 epistolarum
1027 3135 1110 3192 varie
1128 3133 1367 3210 transpositorum

312 3235 490 3296 confusione
528 3234 684 3293 laborasse.
734 3235 815 3295 Ilixit
850 3239 950 3296 enim:
983 3236 1024 3296 [rs
1050 3237 1124 3296 libro
1152 3248 1254 3295 octavo
1283 3235 1368 3296 Caelii

310 3313 434 3422 epistola
460 3337 500 3397 ad
529 3336 802 3408 Ciceronem-n·
832 3341 962 3403 tollatur.
980 3341 1024 3424 (1)

350 3447 409 3505 llac
435 3445 530 3522 igitur
548 3442 806 3504 animadversione
830 3443 996 3504 Politianus
1022 3455 1123 3524 aperte
1149 3448 1272 3524 respicit
1291 3445 1369 3506 ordi·
1464 3487 1465 3498 a

308 3572 378 3612 nem
397 3549 592 3629 epistolarum
614 3549 656 3606 ite
680 3557 851 3624 mutatum,
868 3561 903 3609 ut
920 3551 1051 3634 Codices
1062 3571 1153 3628 quam
1169 3551 1297 3630 plurimi
1309 3561 1368 3630 post

307 3656 358 3735 Ep.
381 3655 431 3715 XV
457 3652 529 3712 libri
553 3653 593 3712 lx
619 3641 781 3712 adnectant
806 3656 964 3733 epistolem
985 3655 1015 3714 ll
1039 3655 1113 3712 libri
1137 3654 1207 3713 lllll
1230 3675 1302 3714 cum
1329 3675 1367 3714 se-

308 3759 483 3840 quentibus.
501 3779 504 3786 ⁴

346 3861 431 3921 Sicut
464 3868 582 3931 autem,
624 3878 703 3937 quae
733 3863 852 3920 monuit
878 3862 1060 3937 Politienus,
1086 3864 1162 3922 mire
1189 3863 1368 3943 respondent

303 3974 439 4026 mutatae
470 3964 595 4023 illorum
623 3964 773 4024 librorum
800 3965 941 4038 lectioni,
967 3985 1043 4046 quos
1068 3967 1209 4045 equidem
1239 3967 1368 4036 contuli,

305 4074 349 4132 ita
379 4070 432 4130 alii
460 4089 582 4148 quoque
609 4069 712 4128 Critici
728 4072 759 4127 in
779 4071 837 4129 hoc
854 4071 934 4130 libro
953 4070 1022 4130 Vlll
1042 4063 1184 4131 Codicum
1203 4073 1369 4133 multorum

303 4176 410 4235 turbes
436 4174 723 4233 animadverterunt.
766 4174 922 4234 Garunnam
950 4176 1030 4233 enim
1057 4165 1124 4252 post
1145 4177 1237 4237 verba
1255 4190 1369 4238 contro·

303 4299 390 4340 verse
417 4279 509 4357 Epist.
539 4277 594 4352 Ill,
617 4278 690 4338 libri
711 4279 796 4338 Vlll:
815 4299 894 4358 spem
913 4279 989 4337 milri
1011 4279 1106 4338 literis
1126 4282 1305 4358 ostenderis,
1329 4301 1370 4340 ms

335 4437 374 4504 (1)
411 4433 529 4488 Politieni
547 4434 624 4487 rerba
642 4452 719 4506 supra
736 4438 935 4491 memoravimus
953 4455 979 4506 p.
1001 4437 1048 4489 134
1066 4455 1121 4511 sqq.
