<?xml version="1.0" encoding="UTF-8"?>
<!DOCTYPE html PUBLIC "-//W3C//DTD XHTML 1.0 Transitional//EN"
    "http://www.w3.org/TR/xhtml1/DTD/xhtml1-transitional.dtd">
<html xmlns="http://www.w3.org/1999/xhtml" xml:lang="en" lang="en">
 <head>
  <title>
</title>
<meta http-equiv="Content-Type" content="text/html;charset=utf-8" />
  <meta name='ocr-system' content='tesseract 3.04.00' />
  <meta name='ocr-capabilities' content='ocr_page ocr_carea ocr_par ocr_line ocrx_word'/>
</head>
<body>
  <div class='ocr_page' id='page_1' title='image "./caeliirufietcic00surigoog_0171.png"; bbox 0 0 2978 5186; ppageno 0'>
   <div class='ocr_carea' id='block_1_1' title="bbox 827 379 890 439">
    <p class='ocr_par' dir='ltr' id='par_1_1' title="bbox 827 379 890 439">
     <span class='ocr_line' id='line_1_1' title="bbox 827 379 890 439; baseline 0 -1"><span class='ocrx_word' id='word_1_1' title='bbox 827 379 890 439; x_wconf 85' lang='lat'><strong><em>164</em></strong></span> 
     </span>
    </p>
   </div>
   <div class='ocr_carea' id='block_1_2' title="bbox 289 585 1478 3188">
    <p class='ocr_par' dir='ltr' id='par_1_2' title="bbox 289 585 1478 3188">
     <span class='ocr_line' id='line_1_2' title="bbox 289 585 1401 674; baseline -0.004 -20"><span class='ocrx_word' id='word_1_2' title='bbox 289 617 293 631; x_wconf 58' lang='lat'>¹</span> <span class='ocrx_word' id='word_1_3' title='bbox 388 593 457 674; x_wconf 76' lang='grc'><strong><em>52.</em></strong></span> <span class='ocrx_word' id='word_1_4' title='bbox 499 585 1281 665; x_wconf 78' lang='lat' dir='ltr'><strong><em>netenuissimamquidemauditionem</em></strong></span> <span class='ocrx_word' id='word_1_5' title='bbox 1301 589 1401 650; x_wconf 83' lang='lat' dir='ltr'><strong><em>daeo</em></strong></span> 
     </span>
     <span class='ocr_line' id='line_1_3' title="bbox 316 689 1397 776; baseline -0.004 -19"><span class='ocrx_word' id='word_1_6' title='bbox 316 709 377 757; x_wconf 50' lang='lat' dir='ltr'><strong><em>tre</em></strong></span> <span class='ocrx_word' id='word_1_7' title='bbox 408 699 553 776; x_wconf 85' lang='lat' dir='ltr'><strong><em>accepi.</em></strong></span> <span class='ocrx_word' id='word_1_8' title='bbox 593 695 702 755; x_wconf 82' lang='lat' dir='ltr'>Durior</span> <span class='ocrx_word' id='word_1_9' title='bbox 729 699 759 752; x_wconf 87' lang='lat' dir='ltr'><strong><em>ct</em></strong></span> <span class='ocrx_word' id='word_1_10' title='bbox 788 691 940 751; x_wconf 83' lang='lat' dir='ltr'>horridior</span> <span class='ocrx_word' id='word_1_11' title='bbox 966 691 1121 750; x_wconf 82' lang='lat' dir='ltr'><strong><em>interdum</em></strong></span> <span class='ocrx_word' id='word_1_12' title='bbox 1146 689 1264 748; x_wconf 82' lang='lat' dir='ltr'><strong><em>Coelius</em></strong></span> <span class='ocrx_word' id='word_1_13' title='bbox 1294 702 1339 751; x_wconf 85' lang='lat' dir='ltr'><strong><em>cst</em></strong></span> <span class='ocrx_word' id='word_1_14' title='bbox 1366 696 1397 753; x_wconf 93' lang='lat' dir='ltr'><strong><em>iu</em></strong></span> 
     </span>
     <span class='ocr_line' id='line_1_4' title="bbox 342 796 1400 880; baseline -0.006 -18"><span class='ocrx_word' id='word_1_15' title='bbox 342 802 520 880; x_wconf 88' lang='lat' dir='ltr'><strong><em>explicanda</em></strong></span> <span class='ocrx_word' id='word_1_16' title='bbox 538 801 685 860; x_wconf 83' lang='lat' dir='ltr'><strong><em>sententia</em></strong></span> <span class='ocrx_word' id='word_1_17' title='bbox 695 822 704 875; x_wconf 91' lang='lat'>;</span> <span class='ocrx_word' id='word_1_18' title='bbox 721 799 789 877; x_wconf 88' lang='lat' dir='ltr'><strong><em>quis</em></strong></span> <span class='ocrx_word' id='word_1_19' title='bbox 807 798 887 855; x_wconf 85' lang='lat' dir='ltr'><strong><em>enim</em></strong></span> <span class='ocrx_word' id='word_1_20' title='bbox 904 798 947 854; x_wconf 90' lang='lat' dir='ltr'><strong><em>sic</em></strong></span> <span class='ocrx_word' id='word_1_21' title='bbox 963 796 1123 874; x_wconf 89' lang='lat' dir='ltr'><strong><em>loquatur,</em></strong></span> <span class='ocrx_word' id='word_1_22' title='bbox 1140 816 1176 853; x_wconf 88' lang='lat' dir='ltr'><strong><em>ns</em></strong></span> <span class='ocrx_word' id='word_1_23' title='bbox 1198 799 1400 856; x_wconf 70' lang='lat' dir='ltr'><strong><em>tenuissimam</em></strong></span> 
     </span>
     <span class='ocr_line' id='line_1_5' title="bbox 342 898 1397 985; baseline -0.005 -20"><span class='ocrx_word' id='word_1_24' title='bbox 342 907 462 985; x_wconf 82' lang='lat' dir='ltr'><strong><em>quidem</em></strong></span> <span class='ocrx_word' id='word_1_25' title='bbox 481 906 663 963; x_wconf 75' lang='lat' dir='ltr'><strong><em>auditionem</em></strong></span> <span class='ocrx_word' id='word_1_26' title='bbox 680 903 714 960; x_wconf 91' lang='lat' dir='ltr'><strong><em>de</em></strong></span> <span class='ocrx_word' id='word_1_27' title='bbox 735 921 769 959; x_wconf 88' lang='lat' dir='ltr'><strong><em>so</em></strong></span> <span class='ocrx_word' id='word_1_28' title='bbox 789 921 820 958; x_wconf 84' lang='lat' dir='ltr'><strong><em>re</em></strong></span> <span class='ocrx_word' id='word_1_29' title='bbox 837 901 939 979; x_wconf 88' lang='lat' dir='ltr'><strong><em>occepi</em></strong></span> <span class='ocrx_word' id='word_1_30' title='bbox 949 945 957 974; x_wconf 90' lang='lat'><strong><em>,</em></strong></span> <span class='ocrx_word' id='word_1_31' title='bbox 977 919 1033 978; x_wconf 87' lang='lat' dir='ltr'><strong><em>pro</em></strong></span> <span class='ocrx_word' id='word_1_32' title='bbox 1053 898 1259 978; x_wconf 82' lang='lat' dir='ltr'><strong><em>nihiiprorsns</em></strong></span> <span class='ocrx_word' id='word_1_33' title='bbox 1269 902 1397 960; x_wconf 80' lang='lat' dir='ltr'><strong><em>audiri?</em></strong></span> 
     </span>
     <span class='ocr_line' id='line_1_6' title="bbox 339 1002 1397 1078; baseline -0.003 -10"><span class='ocrx_word' id='word_1_34' title='bbox 339 1009 471 1070; x_wconf 79' lang='lat' dir='ltr'>Fortasse</span> <span class='ocrx_word' id='word_1_35' title='bbox 497 1011 554 1069; x_wconf 92' lang='lat' dir='ltr'><strong><em>hoc</em></strong></span> <span class='ocrx_word' id='word_1_36' title='bbox 583 1007 662 1068; x_wconf 88' lang='lat' dir='ltr'><strong><em>iilud</em></strong></span> <span class='ocrx_word' id='word_1_37' title='bbox 690 1015 751 1078; x_wconf 86' lang='lat' dir='ltr'><strong><em>cst,</em></strong></span> <span class='ocrx_word' id='word_1_38' title='bbox 777 1025 832 1064; x_wconf 91' lang='lat' dir='ltr'><strong><em>cur</em></strong></span> <span class='ocrx_word' id='word_1_39' title='bbox 860 1008 893 1064; x_wconf 89' lang='lat' dir='ltr'><strong><em>in</em></strong></span> <span class='ocrx_word' id='word_1_40' title='bbox 921 1025 956 1064; x_wconf 89' lang='lat' dir='ltr'><strong><em>co</em></strong></span> <span class='ocrx_word' id='word_1_41' title='bbox 981 1006 1084 1064; x_wconf 86' lang='lat' dir='ltr'><strong><em>sordes</em></strong></span> <span class='ocrx_word' id='word_1_42' title='bbox 1100 1002 1261 1063; x_wconf 85' lang='lat' dir='ltr'><strong><em>verborum</em></strong></span> <span class='ocrx_word' id='word_1_43' title='bbox 1281 1006 1397 1066; x_wconf 78' lang='lat' dir='ltr'><strong>Tacitus</strong></span> 
     </span>
     <span class='ocr_line' id='line_1_7' title="bbox 336 1099 1478 1194; baseline -0.003 -21"><span class='ocrx_word' id='word_1_44' title='bbox 336 1115 488 1194; x_wconf 82' lang='lat' dir='ltr'><strong><em>appellet,</em></strong></span> <span class='ocrx_word' id='word_1_45' title='bbox 511 1126 540 1173; x_wconf 85' lang='lat' dir='ltr'><strong><em>et</em></strong></span> <span class='ocrx_word' id='word_1_46' title='bbox 556 1114 719 1190; x_wconf 71' lang='lat' dir='ltr'><strong><em>subiungit</em></strong></span> <span class='ocrx_word' id='word_1_47' title='bbox 738 1110 868 1168; x_wconf 88' lang='lat' dir='ltr'><strong><em>amarior</em></strong></span> <span class='ocrx_word' id='word_1_48' title='bbox 877 1107 1012 1168; x_wconf 79' lang='lat' dir='ltr'><strong><em>Coelius:</em></strong></span> <span class='ocrx_word' id='word_1_49' title='bbox 1029 1118 1059 1169; x_wconf 84' lang='lat' dir='ltr'><strong><em>ct</em></strong></span> <span class='ocrx_word' id='word_1_50' title='bbox 1076 1110 1301 1184; x_wconf 78' lang='lat' dir='ltr'><strong><em>Quinctiliauus</em></strong></span> <span class='ocrx_word' id='word_1_51' title='bbox 1316 1132 1397 1191; x_wconf 82' lang='lat' dir='ltr'><strong><em>ospe-</em></strong></span> <span class='ocrx_word' id='word_1_52' title='bbox 1477 1099 1478 1116; x_wconf 46' lang='lat'>¹</span> 
     </span>
     <span class='ocr_line' id='line_1_8' title="bbox 339 1215 1396 1278; baseline 0 -1"><span class='ocrx_word' id='word_1_53' title='bbox 339 1223 458 1278; x_wconf 87' lang='lat' dir='ltr'><strong><em>ritatem</em></strong></span> <span class='ocrx_word' id='word_1_54' title='bbox 475 1221 503 1277; x_wconf 89' lang='lat' dir='ltr'><strong><em>ci</em></strong></span> <span class='ocrx_word' id='word_1_55' title='bbox 518 1219 632 1278; x_wconf 83' lang='lat' dir='ltr'><strong><em>tribuat</em></strong></span> <span class='ocrx_word' id='word_1_56' title='bbox 647 1219 678 1275; x_wconf 90' lang='lat' dir='ltr'><strong><em>in</em></strong></span> <span class='ocrx_word' id='word_1_57' title='bbox 699 1215 837 1275; x_wconf 86' lang='lat' dir='ltr'><strong><em>dicendo.</em></strong></span> <span class='ocrx_word' id='word_1_58' title='bbox 1297 1216 1396 1277; x_wconf 73' lang='lat' dir='ltr'><strong><em>Liuor.</em></strong></span> 
     </span>
     <span class='ocr_line' id='line_1_9' title="bbox 377 1318 1396 1399; baseline 0.002 -18"><span class='ocrx_word' id='word_1_59' title='bbox 377 1355 438 1368; x_wconf 53' lang='lat' dir='ltr'><strong><em>-u-</em></strong></span> <span class='ocrx_word' id='word_1_60' title='bbox 456 1359 517 1370; x_wconf 88' lang='lat'><strong><em>--</em></strong></span> <span class='ocrx_word' id='word_1_61' title='bbox 557 1321 645 1381; x_wconf 77' lang='lat' dir='ltr'><strong><em>Nitit</em></strong></span> <span class='ocrx_word' id='word_1_62' title='bbox 669 1339 790 1399; x_wconf 81' lang='lat' dir='ltr'><strong><em>prorsas</em></strong></span> <span class='ocrx_word' id='word_1_63' title='bbox 816 1318 930 1377; x_wconf 85' lang='lat' dir='ltr'><strong><em>oodioi.</em></strong></span> <span class='ocrx_word' id='word_1_64' title='bbox 972 1318 1168 1381; x_wconf 83' lang='lat' dir='ltr'><strong><em>Horridulum</em></strong></span> <span class='ocrx_word' id='word_1_65' title='bbox 1187 1321 1302 1380; x_wconf 89' lang='lat' dir='ltr'><strong><em>Latinis</em></strong></span> <span class='ocrx_word' id='word_1_66' title='bbox 1321 1326 1396 1382; x_wconf 87' lang='lat' dir='ltr'><strong><em>auri·</em></strong></span> 
     </span>
     <span class='ocr_line' id='line_1_10' title="bbox 336 1423 1396 1505; baseline 0 -19"><span class='ocrx_word' id='word_1_67' title='bbox 336 1429 412 1487; x_wconf 90' lang='lat' dir='ltr'><strong><em>bus:</em></strong></span> <span class='ocrx_word' id='word_1_68' title='bbox 444 1447 503 1486; x_wconf 89' lang='lat' dir='ltr'><strong><em>non</em></strong></span> <span class='ocrx_word' id='word_1_69' title='bbox 533 1439 634 1487; x_wconf 82' lang='lat' dir='ltr'><strong><em>autem</em></strong></span> <span class='ocrx_word' id='word_1_70' title='bbox 652 1426 685 1484; x_wconf 89' lang='lat' dir='ltr'><strong><em>id</em></strong></span> <span class='ocrx_word' id='word_1_71' title='bbox 703 1428 814 1484; x_wconf 84' lang='lat' dir='ltr'><strong><em>mirum</em></strong></span> <span class='ocrx_word' id='word_1_72' title='bbox 836 1424 869 1482; x_wconf 94' lang='lat' dir='ltr'><strong><em>in</em></strong></span> <span class='ocrx_word' id='word_1_73' title='bbox 889 1423 1009 1495; x_wconf 81' lang='lat' dir='ltr'><strong><em>Coelio,</em></strong></span> <span class='ocrx_word' id='word_1_74' title='bbox 1023 1426 1075 1484; x_wconf 91' lang='lat' dir='ltr'><strong><em>cui</em></strong></span> <span class='ocrx_word' id='word_1_75' title='bbox 1095 1426 1284 1505; x_wconf 81' lang='lat' dir='ltr'><strong><em>asperitatem</em></strong></span> <span class='ocrx_word' id='word_1_76' title='bbox 1303 1427 1396 1502; x_wconf 82' lang='lat' dir='ltr'><strong><em>Quin-</em></strong></span> 
     </span>
     <span class='ocr_line' id='line_1_11' title="bbox 335 1528 1395 1610; baseline 0 -19"><span class='ocrx_word' id='word_1_77' title='bbox 335 1533 479 1591; x_wconf 83' lang='lat' dir='ltr'><strong><em>otiiienus</em></strong></span> <span class='ocrx_word' id='word_1_78' title='bbox 502 1533 537 1590; x_wconf 87' lang='lat' dir='ltr'>X.</span> <span class='ocrx_word' id='word_1_79' title='bbox 562 1531 591 1592; x_wconf 89' lang='lat'><strong><em>2.</em></strong></span> <span class='ocrx_word' id='word_1_80' title='bbox 620 1541 650 1590; x_wconf 88' lang='lat' dir='ltr'><strong><em>et</em></strong></span> <span class='ocrx_word' id='word_1_81' title='bbox 668 1529 838 1588; x_wconf 84' lang='lat' dir='ltr'><strong><em>inconditos</em></strong></span> <span class='ocrx_word' id='word_1_82' title='bbox 855 1528 1020 1607; x_wconf 84' lang='lat' dir='ltr'><strong><em>aliquando</em></strong></span> <span class='ocrx_word' id='word_1_83' title='bbox 1037 1550 1139 1588; x_wconf 80' lang='lat' dir='ltr'><strong><em>sensns</em></strong></span> <span class='ocrx_word' id='word_1_84' title='bbox 1156 1539 1262 1590; x_wconf 78' lang='lat' dir='ltr'>auctor</span> <span class='ocrx_word' id='word_1_85' title='bbox 1281 1531 1395 1610; x_wconf 74' lang='lat' dir='ltr'><strong><em>dialogi</em></strong></span> 
     </span>
     <span class='ocr_line' id='line_1_12' title="bbox 337 1635 1394 1718; baseline -0.003 -24"><span class='ocrx_word' id='word_1_86' title='bbox 337 1638 373 1694; x_wconf 88' lang='lat' dir='ltr'><strong><em>dc</em></strong></span> <span class='ocrx_word' id='word_1_87' title='bbox 395 1638 507 1697; x_wconf 82' lang='lat' dir='ltr'>Orator.</span> <span class='ocrx_word' id='word_1_88' title='bbox 529 1655 555 1695; x_wconf 92' lang='lat' dir='ltr'><strong><em>c.</em></strong></span> <span class='ocrx_word' id='word_1_89' title='bbox 575 1636 649 1694; x_wconf 86' lang='lat' dir='ltr'>XXI.</span> <span class='ocrx_word' id='word_1_90' title='bbox 671 1635 820 1694; x_wconf 83' lang='lat' dir='ltr'><strong><em>tribuunt.</em></strong></span> <span class='ocrx_word' id='word_1_91' title='bbox 1044 1681 1046 1688; x_wconf 94' lang='lat'>.</span> <span class='ocrx_word' id='word_1_92' title='bbox 1285 1637 1394 1718; x_wconf 68' lang='lat' dir='ltr'><strong><em>Caua,</em></strong></span> 
     </span>
     <span class='ocr_line' id='line_1_13' title="bbox 376 1740 1392 1820; baseline 0.002 -20"><span class='ocrx_word' id='word_1_93' title='bbox 376 1775 437 1786; x_wconf 84' lang='lat'><strong><em>—-</em></strong></span> <span class='ocrx_word' id='word_1_94' title='bbox 456 1777 518 1788; x_wconf 92' lang='lat'><strong><em>--</em></strong></span> <span class='ocrx_word' id='word_1_95' title='bbox 558 1742 702 1820; x_wconf 73' lang='lat' dir='ltr'><strong><em>Accipere</em></strong></span> <span class='ocrx_word' id='word_1_96' title='bbox 723 1761 778 1819; x_wconf 87' lang='lat' dir='ltr'><strong><em>per</em></strong></span> <span class='ocrx_word' id='word_1_97' title='bbox 791 1759 823 1798; x_wconf 86' lang='lat' dir='ltr'><strong><em>sc</em></strong></span> <span class='ocrx_word' id='word_1_98' title='bbox 841 1748 886 1798; x_wconf 85' lang='lat' dir='ltr'><strong><em>cst</em></strong></span> <span class='ocrx_word' id='word_1_99' title='bbox 907 1740 1031 1814; x_wconf 84' lang='lat' dir='ltr'><strong><em>andire,</em></strong></span> <span class='ocrx_word' id='word_1_100' title='bbox 1049 1740 1131 1819; x_wconf 86' lang='lat' dir='ltr'><strong><em>apud</em></strong></span> <span class='ocrx_word' id='word_1_101' title='bbox 1147 1741 1310 1817; x_wconf 86' lang='lat' dir='ltr'><strong><em>Plautum,</em></strong></span> <span class='ocrx_word' id='word_1_102' title='bbox 1328 1743 1392 1802; x_wconf 56' lang='lat' dir='ltr'><strong><em>Virb</em></strong></span> 
     </span>
     <span class='ocr_line' id='line_1_14' title="bbox 337 1843 1391 1926; baseline 0.002 -21"><span class='ocrx_word' id='word_1_103' title='bbox 337 1848 461 1922; x_wconf 75' lang='lat' dir='ltr'><strong><em>gilium,</em></strong></span> <span class='ocrx_word' id='word_1_104' title='bbox 489 1846 626 1926; x_wconf 80' lang='lat' dir='ltr'><strong><em>Crispum</em></strong></span> <span class='ocrx_word' id='word_1_105' title='bbox 646 1856 675 1904; x_wconf 87' lang='lat' dir='ltr'><strong><em>ct</em></strong></span> <span class='ocrx_word' id='word_1_106' title='bbox 703 1845 816 1904; x_wconf 85' lang='lat' dir='ltr'><strong><em>multos</em></strong></span> <span class='ocrx_word' id='word_1_107' title='bbox 835 1855 1006 1923; x_wconf 81' lang='lat' dir='ltr'><strong><em>praetcrea,</em></strong></span> <span class='ocrx_word' id='word_1_108' title='bbox 1023 1843 1094 1904; x_wconf 84' lang='lat' dir='ltr'><strong><em>vide</em></strong></span> <span class='ocrx_word' id='word_1_109' title='bbox 1113 1845 1243 1905; x_wconf 83' lang='lat' dir='ltr'><strong><em>Nonium</em></strong></span> <span class='ocrx_word' id='word_1_110' title='bbox 1265 1846 1391 1908; x_wconf 81' lang='lat' dir='ltr'>Marcell.</span> 
     </span>
     <span class='ocr_line' id='line_1_15' title="bbox 332 1948 1389 2033; baseline 0.005 -25"><span class='ocrx_word' id='word_1_111' title='bbox 332 1973 360 2010; x_wconf 90' lang='lat' dir='ltr'><strong><em>c.</em></strong></span> <span class='ocrx_word' id='word_1_112' title='bbox 378 1952 425 2011; x_wconf 87' lang='lat' dir='ltr'><strong><em>lV.</em></strong></span> <span class='ocrx_word' id='word_1_113' title='bbox 443 1973 473 2009; x_wconf 90' lang='lat' dir='ltr'><strong><em>u.</em></strong></span> <span class='ocrx_word' id='word_1_114' title='bbox 494 1950 542 2010; x_wconf 90' lang='grc'><strong><em>15.</em></strong></span> <span class='ocrx_word' id='word_1_115' title='bbox 583 1950 778 2008; x_wconf 84' lang='lat' dir='ltr'><strong><em>Auditionem</em></strong></span> <span class='ocrx_word' id='word_1_116' title='bbox 796 1949 838 2007; x_wconf 90' lang='lat' dir='ltr'><strong><em>ita</em></strong></span> <span class='ocrx_word' id='word_1_117' title='bbox 855 1948 956 2031; x_wconf 78' lang='lat' dir='ltr'><strong><em>posuit</em></strong></span> <span class='ocrx_word' id='word_1_118' title='bbox 973 1949 1120 2026; x_wconf 85' lang='lat' dir='ltr'><strong><em>Apuleius</em></strong></span> <span class='ocrx_word' id='word_1_119' title='bbox 1139 1949 1264 2030; x_wconf 77' lang='lat' dir='ltr'>Apolog.</span> <span class='ocrx_word' id='word_1_120' title='bbox 1282 1974 1312 2033; x_wconf 91' lang='lat' dir='ltr'><strong><em>p.</em></strong></span> <span class='ocrx_word' id='word_1_121' title='bbox 1324 1952 1389 2014; x_wconf 88' lang='grc'><strong>310.</strong></span> 
     </span>
     <span class='ocr_line' id='line_1_16' title="bbox 333 2053 1389 2136; baseline 0.003 -23"><span class='ocrx_word' id='word_1_122' title='bbox 333 2057 473 2136; x_wconf 81' lang='lat' dir='ltr'><strong><em>qnoniam</em></strong></span> <span class='ocrx_word' id='word_1_123' title='bbox 499 2055 627 2114; x_wconf 89' lang='lat' dir='ltr'><strong><em>ostendis</em></strong></span> <span class='ocrx_word' id='word_1_124' title='bbox 656 2054 869 2114; x_wconf 78' lang='lat' dir='ltr'><strong><em>hontonissirno</em></strong></span> <span class='ocrx_word' id='word_1_125' title='bbox 896 2053 998 2125; x_wconf 81' lang='lat' dir='ltr'><strong><em>onitu,</em></strong></span> <span class='ocrx_word' id='word_1_126' title='bbox 1019 2054 1176 2114; x_wconf 83' lang='lat' dir='ltr'><strong><em>auditione</em></strong></span> <span class='ocrx_word' id='word_1_127' title='bbox 1202 2065 1230 2114; x_wconf 89' lang='lat' dir='ltr'><strong><em>te</em></strong></span> <span class='ocrx_word' id='word_1_128' title='bbox 1254 2058 1317 2116; x_wconf 84' lang='lat' dir='ltr'><strong><em>isto</em></strong></span> <span class='ocrx_word' id='word_1_129' title='bbox 1336 2079 1389 2116; x_wconf 83' lang='lat' dir='ltr'><strong><em>non</em></strong></span> 
     </span>
     <span class='ocr_line' id='line_1_17' title="bbox 328 2158 1387 2244; baseline 0.002 -24"><span class='ocrx_word' id='word_1_130' title='bbox 328 2163 463 2244; x_wconf 81' lang='lat' dir='ltr'><strong><em>gravari.</em></strong></span> <span class='ocrx_word' id='word_1_131' title='bbox 504 2161 633 2223; x_wconf 86' lang='lat' dir='ltr'><strong><em>Facilius</em></strong></span> <span class='ocrx_word' id='word_1_132' title='bbox 663 2167 724 2234; x_wconf 85' lang='lat' dir='ltr'><strong><em>cst,</em></strong></span> <span class='ocrx_word' id='word_1_133' title='bbox 754 2158 837 2238; x_wconf 90' lang='lat' dir='ltr'><strong><em>quod</em></strong></span> <span class='ocrx_word' id='word_1_134' title='bbox 863 2158 984 2218; x_wconf 85' lang='lat' dir='ltr'><strong><em>Suetou.</em></strong></span> <span class='ocrx_word' id='word_1_135' title='bbox 1007 2160 1088 2244; x_wconf 26' lang='lat' dir='ltr'><strong><em>&#39;Aua</em></strong></span> <span class='ocrx_word' id='word_1_136' title='bbox 1118 2179 1147 2220; x_wconf 92' lang='lat' dir='ltr'><strong><em>c.</em></strong></span> <span class='ocrx_word' id='word_1_137' title='bbox 1174 2160 1250 2222; x_wconf 90' lang='lat' dir='ltr'>XXI.</span> <span class='ocrx_word' id='word_1_138' title='bbox 1283 2163 1387 2222; x_wconf 85' lang='lat' dir='ltr'><strong><em>hahet:</em></strong></span> 
     </span>
     <span class='ocr_line' id='line_1_18' title="bbox 331 2262 1389 2342; baseline 0.001 -16"><span class='ocrx_word' id='word_1_139' title='bbox 331 2268 405 2326; x_wconf 83' lang='lat' dir='ltr'><strong><em>[ndi</em></strong></span> <span class='ocrx_word' id='word_1_140' title='bbox 425 2268 514 2324; x_wconf 87' lang='lat' dir='ltr'><strong><em>stiam</em></strong></span> <span class='ocrx_word' id='word_1_141' title='bbox 531 2286 566 2324; x_wconf 91' lang='lat' dir='ltr'><strong><em>oc</em></strong></span> <span class='ocrx_word' id='word_1_142' title='bbox 587 2264 713 2342; x_wconf 74' lang='lat' dir='ltr'><strong><em>Scythae</em></strong></span> <span class='ocrx_word' id='word_1_143' title='bbox 731 2263 838 2323; x_wconf 90' lang='lat' dir='ltr'><strong><em>auditu</em></strong></span> <span class='ocrx_word' id='word_1_144' title='bbox 855 2262 939 2322; x_wconf 92' lang='lat' dir='ltr'><strong><em>mado</em></strong></span> <span class='ocrx_word' id='word_1_145' title='bbox 955 2265 1079 2341; x_wconf 77' lang='lat' dir='ltr'><strong><em>cogniti.</em></strong></span> <span class='ocrx_word' id='word_1_146' title='bbox 1111 2264 1186 2324; x_wconf 84' lang='lat' dir='ltr'><strong><em>iiam</em></strong></span> <span class='ocrx_word' id='word_1_147' title='bbox 1206 2274 1237 2324; x_wconf 86' lang='lat' dir='ltr'><strong><em>et</em></strong></span> <span class='ocrx_word' id='word_1_148' title='bbox 1257 2266 1389 2326; x_wconf 84' lang='lat' dir='ltr'><strong><em>Coelium</em></strong></span> 
     </span>
     <span class='ocr_line' id='line_1_19' title="bbox 330 2368 1387 2448; baseline -0.001 -17"><span class='ocrx_word' id='word_1_149' title='bbox 330 2372 421 2431; x_wconf 85' lang='lat' dir='ltr'><strong><em>credo</em></strong></span> <span class='ocrx_word' id='word_1_150' title='bbox 455 2370 638 2428; x_wconf 72' lang='lat' dir='ltr'><strong><em>auditionem</em></strong></span> <span class='ocrx_word' id='word_1_151' title='bbox 677 2388 732 2447; x_wconf 92' lang='lat' dir='ltr'><strong><em>pro</em></strong></span> <span class='ocrx_word' id='word_1_152' title='bbox 769 2368 869 2440; x_wconf 77' lang='lat' dir='ltr'><strong><em>foma,</em></strong></span> <span class='ocrx_word' id='word_1_153' title='bbox 896 2388 1018 2428; x_wconf 85' lang='lat' dir='ltr'><strong><em>rumore</em></strong></span> <span class='ocrx_word' id='word_1_154' title='bbox 1047 2370 1190 2448; x_wconf 83' lang='lat' dir='ltr'><strong><em>posuisse.</em></strong></span> <span class='ocrx_word' id='word_1_155' title='bbox 1233 2369 1292 2428; x_wconf 79' lang='lat' dir='ltr'><strong><em>sed</em></strong></span> <span class='ocrx_word' id='word_1_156' title='bbox 1319 2371 1387 2430; x_wconf 85' lang='lat' dir='ltr'><strong><em>audi</em></strong></span> 
     </span>
     <span class='ocr_line' id='line_1_20' title="bbox 329 2473 1387 2561; baseline 0.001 -27"><span class='ocrx_word' id='word_1_157' title='bbox 329 2475 568 2551; x_wconf 85' lang='lat' dir='ltr'><strong><em>Quinctiiicnum</em></strong></span> <span class='ocrx_word' id='word_1_158' title='bbox 584 2475 620 2561; x_wconf 90' lang='lat' dir='ltr'>X.</span> <span class='ocrx_word' id='word_1_159' title='bbox 637 2493 664 2533; x_wconf 92' lang='lat' dir='ltr'><strong><em>c.</em></strong></span> <span class='ocrx_word' id='word_1_160' title='bbox 687 2473 714 2533; x_wconf 94' lang='grc'><strong>1.</strong></span> <span class='ocrx_word' id='word_1_161' title='bbox 748 2473 837 2532; x_wconf 81' lang='lat' dir='ltr'><strong><em>Haec</em></strong></span> <span class='ocrx_word' id='word_1_162' title='bbox 858 2484 892 2532; x_wconf 86' lang='lat' dir='ltr'><strong><em>nt</em></strong></span> <span class='ocrx_word' id='word_1_163' title='bbox 908 2475 1055 2548; x_wconf 78' lang='lat' dir='ltr'><strong><em>sciamur,</em></strong></span> <span class='ocrx_word' id='word_1_164' title='bbox 1076 2475 1140 2532; x_wconf 86' lang='lat' dir='ltr'><strong><em>nisi</em></strong></span> <span class='ocrx_word' id='word_1_165' title='bbox 1158 2475 1251 2533; x_wconf 84' lang='lat' dir='ltr'><strong><em>malta</em></strong></span> <span class='ocrx_word' id='word_1_166' title='bbox 1269 2477 1387 2535; x_wconf 79' lang='lat' dir='ltr'><strong><em>lectione</em></strong></span> 
     </span>
     <span class='ocr_line' id='line_1_21' title="bbox 329 2578 1477 2660; baseline -0.002 -22"><span class='ocrx_word' id='word_1_167' title='bbox 329 2591 416 2660; x_wconf 83' lang='lat' dir='ltr'><strong><em>atque</em></strong></span> <span class='ocrx_word' id='word_1_168' title='bbox 433 2578 587 2638; x_wconf 82' lang='lat' dir='ltr'><strong><em>auditione</em></strong></span> <span class='ocrx_word' id='word_1_169' title='bbox 604 2579 724 2657; x_wconf 79' lang='lat' dir='ltr'><strong><em>assequi</em></strong></span> <span class='ocrx_word' id='word_1_170' title='bbox 739 2598 798 2636; x_wconf 90' lang='lat' dir='ltr'><strong><em>non</em></strong></span> <span class='ocrx_word' id='word_1_171' title='bbox 807 2598 983 2658; x_wconf 80' lang='lat' dir='ltr'><strong><em>possumus:</em></strong></span> <span class='ocrx_word' id='word_1_172' title='bbox 1003 2597 1071 2636; x_wconf 83' lang='lat' dir='ltr'><strong><em>cum</em></strong></span> <span class='ocrx_word' id='word_1_173' title='bbox 1090 2598 1202 2637; x_wconf 88' lang='lat' dir='ltr'><strong><em>omnam</em></strong></span> <span class='ocrx_word' id='word_1_174' title='bbox 1221 2599 1388 2641; x_wconf 82' lang='lat' dir='ltr'><strong><em>sermonem</em></strong></span> <span class='ocrx_word' id='word_1_175' title='bbox 1476 2633 1477 2636; x_wconf 74' lang='grc'>,</span> 
     </span>
     <span class='ocr_line' id='line_1_22' title="bbox 330 2676 1387 2764; baseline 0.002 -20"><span class='ocrx_word' id='word_1_176' title='bbox 330 2685 453 2745; x_wconf 70' lang='lat' dir='ltr'><strong><em>oramine</em></strong></span> <span class='ocrx_word' id='word_1_177' title='bbox 467 2685 601 2764; x_wconf 75' lang='lat' dir='ltr'><strong><em>primm</em></strong></span> <span class='ocrx_word' id='word_1_178' title='bbox 620 2676 814 2762; x_wconf 86' lang='lat' dir='ltr'><strong><em>accipiamus.</em></strong></span> <span class='ocrx_word' id='word_1_179' title='bbox 1271 2685 1387 2746; x_wconf 78' lang='lat' dir='ltr'><strong><em>Cornus.</em></strong></span> 
     </span>
     <span class='ocr_line' id='line_1_23' title="bbox 364 2787 1386 2851; baseline 0.002 -3"><span class='ocrx_word' id='word_1_180' title='bbox 364 2825 426 2838; x_wconf 92' lang='lat'>—</span> <span class='ocrx_word' id='word_1_181' title='bbox 444 2823 506 2836; x_wconf 84' lang='lat'>-</span> <span class='ocrx_word' id='word_1_182' title='bbox 545 2790 661 2848; x_wconf 82' lang='lat' dir='ltr'><strong><em>Durum</em></strong></span> <span class='ocrx_word' id='word_1_183' title='bbox 686 2796 715 2847; x_wconf 86' lang='lat' dir='ltr'><strong><em>et</em></strong></span> <span class='ocrx_word' id='word_1_184' title='bbox 735 2787 895 2848; x_wconf 85' lang='lat' dir='ltr'><strong><em>horridum</em></strong></span> <span class='ocrx_word' id='word_1_185' title='bbox 915 2789 974 2848; x_wconf 91' lang='lat' dir='ltr'><strong><em>hoc</em></strong></span> <span class='ocrx_word' id='word_1_186' title='bbox 994 2788 1109 2849; x_wconf 86' lang='lat' dir='ltr'><strong><em>iudicat</em></strong></span> <span class='ocrx_word' id='word_1_187' title='bbox 1128 2788 1291 2851; x_wconf 75' lang='lat' dir='ltr'><strong><em>Manutius.</em></strong></span> <span class='ocrx_word' id='word_1_188' title='bbox 1331 2791 1386 2850; x_wconf 87' lang='lat' dir='ltr'><strong><em>Sed</em></strong></span> 
     </span>
     <span class='ocr_line' id='line_1_24' title="bbox 325 2892 1385 2972; baseline 0.001 -17"><span class='ocrx_word' id='word_1_189' title='bbox 325 2895 442 2955; x_wconf 82' lang='lat' dir='ltr'><strong><em>auditio</em></strong></span> <span class='ocrx_word' id='word_1_190' title='bbox 470 2902 515 2954; x_wconf 88' lang='lat' dir='ltr'><strong><em>est</em></strong></span> <span class='ocrx_word' id='word_1_191' title='bbox 541 2894 691 2962; x_wconf 87' lang='lat' dir='ltr'><strong><em>nuntius,</em></strong></span> <span class='ocrx_word' id='word_1_192' title='bbox 712 2911 833 2952; x_wconf 88' lang='lat' dir='ltr'><strong><em>rumor:</em></strong></span> <span class='ocrx_word' id='word_1_193' title='bbox 856 2892 971 2953; x_wconf 37' lang='lat' dir='ltr'><strong><em>utvCic.</em></strong></span> <span class='ocrx_word' id='word_1_194' title='bbox 988 2913 1043 2972; x_wconf 89' lang='lat' dir='ltr'><strong><em>pro</em></strong></span> <span class='ocrx_word' id='word_1_195' title='bbox 1062 2894 1173 2955; x_wconf 89' lang='lat' dir='ltr'><strong><em>Planco</em></strong></span> <span class='ocrx_word' id='word_1_196' title='bbox 1189 2915 1215 2956; x_wconf 82' lang='lat' dir='ltr'>o</span> <span class='ocrx_word' id='word_1_197' title='bbox 1235 2895 1286 2956; x_wconf 90' lang='grc'><strong><em>23.</em></strong></span> <span class='ocrx_word' id='word_1_198' title='bbox 1305 2897 1385 2956; x_wconf 84' lang='lat' dir='ltr'><strong><em>uude</em></strong></span> 
     </span>
     <span class='ocr_line' id='line_1_25' title="bbox 322 2997 1382 3062; baseline 0.002 -2"><span class='ocrx_word' id='word_1_199' title='bbox 322 3021 384 3060; x_wconf 87' lang='lat' dir='ltr'><strong><em>non</em></strong></span> <span class='ocrx_word' id='word_1_200' title='bbox 400 2999 492 3060; x_wconf 83' lang='lat' dir='ltr'><strong><em>debet</em></strong></span> <span class='ocrx_word' id='word_1_201' title='bbox 507 2999 618 3058; x_wconf 86' lang='lat' dir='ltr'><strong><em>durum</em></strong></span> <span class='ocrx_word' id='word_1_202' title='bbox 637 2997 745 3057; x_wconf 81' lang='lat' dir='ltr'><strong><em>videri.</em></strong></span> <span class='ocrx_word' id='word_1_203' title='bbox 1262 3001 1382 3062; x_wconf 76' lang='lat' dir='ltr'><strong><em>Wusu</em></strong></span> 
     </span>
     <span class='ocr_line' id='line_1_26' title="bbox 364 3103 1383 3188; baseline 0.003 -25"><span class='ocrx_word' id='word_1_204' title='bbox 364 3123 576 3182; x_wconf 87' lang='lat' dir='ltr'><strong><em>saneqnam</em></strong></span> <span class='ocrx_word' id='word_1_205' title='bbox 593 3121 861 3160; x_wconf 85' lang='lat' dir='ltr'><strong><em>eossermonss</em></strong></span> <span class='ocrx_word' id='word_1_206' title='bbox 881 3104 1085 3182; x_wconf 84' lang='lat' dir='ltr'><strong><em>capressit.</em></strong></span> <span class='ocrx_word' id='word_1_207' title='bbox 1117 3103 1383 3188; x_wconf 82' lang='lat' dir='ltr'><strong><em>Profectooiqoa-</em></strong></span> 
     </span>
    </p>
   </div>
   <div class='ocr_carea' id='block_1_3' title="bbox 322 3205 1475 3288">
    <p class='ocr_par' dir='ltr' id='par_1_3' title="bbox 322 3205 1475 3288">
     <span class='ocr_line' id='line_1_27' title="bbox 322 3205 1475 3288; baseline 0.003 -21"><span class='ocrx_word' id='word_1_208' title='bbox 322 3209 390 3267; x_wconf 89' lang='lat' dir='ltr'><strong><em>dam</em></strong></span> <span class='ocrx_word' id='word_1_209' title='bbox 415 3209 567 3286; x_wconf 85' lang='lat' dir='ltr'><strong><em>expressit.</em></strong></span> <span class='ocrx_word' id='word_1_210' title='bbox 609 3205 649 3265; x_wconf 85' lang='lat' dir='ltr'><strong><em>Ea</em></strong></span> <span class='ocrx_word' id='word_1_211' title='bbox 667 3208 713 3265; x_wconf 83' lang='lat' dir='ltr'><strong><em>vis</em></strong></span> <span class='ocrx_word' id='word_1_212' title='bbox 736 3206 955 3284; x_wconf 83' lang='lat' dir='ltr'><strong><em>particularum</em></strong></span> <span class='ocrx_word' id='word_1_213' title='bbox 984 3227 1054 3265; x_wconf 87' lang='lat' dir='ltr'><strong><em>sone</em></strong></span> <span class='ocrx_word' id='word_1_214' title='bbox 1075 3229 1181 3288; x_wconf 84' lang='lat' dir='ltr'><strong><em>qnam,</em></strong></span> <span class='ocrx_word' id='word_1_215' title='bbox 1198 3221 1233 3270; x_wconf 92' lang='lat' dir='ltr'><strong><em>ut</em></strong></span> <span class='ocrx_word' id='word_1_216' title='bbox 1250 3213 1382 3272; x_wconf 80' lang='lat' dir='ltr'><strong><em>diximus</em></strong></span> <span class='ocrx_word' id='word_1_217' title='bbox 1474 3257 1475 3270; x_wconf 72' lang='lat'>.</span> 
     </span>
    </p>
   </div>
   <div class='ocr_carea' id='block_1_4' title="bbox 319 3310 1381 3504">
    <p class='ocr_par' dir='ltr' id='par_1_4' title="bbox 319 3310 1381 3504">
     <span class='ocr_line' id='line_1_28' title="bbox 321 3310 1380 3396; baseline 0.006 -25"><span class='ocrx_word' id='word_1_218' title='bbox 321 3313 359 3372; x_wconf 82' lang='lat' dir='ltr'><strong><em>cd</em></strong></span> <span class='ocrx_word' id='word_1_219' title='bbox 387 3313 417 3372; x_wconf 93' lang='lat' dir='ltr'><strong><em>L.</em></strong></span> <span class='ocrx_word' id='word_1_220' title='bbox 445 3313 493 3372; x_wconf 87' lang='lat' dir='ltr'><strong><em>lV.</em></strong></span> <span class='ocrx_word' id='word_1_221' title='bbox 522 3312 573 3390; x_wconf 82' lang='lat' dir='ltr'><strong><em>Ep.</em></strong></span> <span class='ocrx_word' id='word_1_222' title='bbox 595 3313 622 3370; x_wconf 83' lang='lat'><strong><em>5.</em></strong></span> <span class='ocrx_word' id='word_1_223' title='bbox 640 3332 670 3370; x_wconf 88' lang='lat' dir='ltr'><strong><em>n.</em></strong></span> <span class='ocrx_word' id='word_1_224' title='bbox 692 3311 717 3370; x_wconf 95' lang='lat' dir='ltr'><strong><em>l.</em></strong></span> <span class='ocrx_word' id='word_1_225' title='bbox 759 3310 794 3369; x_wconf 85' lang='lat' dir='ltr'><strong><em>Et</em></strong></span> <span class='ocrx_word' id='word_1_226' title='bbox 814 3312 858 3370; x_wconf 90' lang='lat' dir='ltr'><strong><em>sic</em></strong></span> <span class='ocrx_word' id='word_1_227' title='bbox 879 3311 1041 3390; x_wconf 83' lang='lat' dir='ltr'><strong><em>aliquoties</em></strong></span> <span class='ocrx_word' id='word_1_228' title='bbox 1062 3313 1181 3373; x_wconf 85' lang='lat' dir='ltr'><strong><em>Coelius</em></strong></span> <span class='ocrx_word' id='word_1_229' title='bbox 1198 3326 1301 3376; x_wconf 87' lang='lat' dir='ltr'><strong><em>noster</em></strong></span> <span class='ocrx_word' id='word_1_230' title='bbox 1319 3315 1380 3396; x_wconf 81' lang='lat' dir='ltr'><strong><em>[tp.</em></strong></span> 
     </span>
     <span class='ocr_line' id='line_1_29' title="bbox 319 3415 1381 3504; baseline 0.005 -28"><span class='ocrx_word' id='word_1_231' title='bbox 319 3418 352 3477; x_wconf 79' lang='lat' dir='ltr'><strong><em>V.</em></strong></span> <span class='ocrx_word' id='word_1_232' title='bbox 384 3417 413 3477; x_wconf 88' lang='lat'><strong><em>2.</em></strong></span> <span class='ocrx_word' id='word_1_233' title='bbox 441 3436 601 3504; x_wconf 83' lang='lat' dir='ltr'><strong><em>soneqoam</em></strong></span> <span class='ocrx_word' id='word_1_234' title='bbox 629 3418 740 3474; x_wconf 85' lang='lat' dir='ltr'><strong><em>incutit</em></strong></span> <span class='ocrx_word' id='word_1_235' title='bbox 760 3415 862 3473; x_wconf 83' lang='lat' dir='ltr'><strong><em>moltis</em></strong></span> <span class='ocrx_word' id='word_1_236' title='bbox 891 3436 1031 3496; x_wconf 82' lang='lat' dir='ltr'><strong><em>magnum</em></strong></span> <span class='ocrx_word' id='word_1_237' title='bbox 1057 3427 1173 3477; x_wconf 84' lang='lat' dir='ltr'><strong><em>metum.</em></strong></span> <span class='ocrx_word' id='word_1_238' title='bbox 1203 3418 1256 3499; x_wconf 87' lang='lat' dir='ltr'><strong><em>Ep.</em></strong></span> <span class='ocrx_word' id='word_1_239' title='bbox 1283 3421 1381 3482; x_wconf 83' lang='lat' dir='ltr'>XLI.</span> 
     </span>
    </p>
   </div>
   <div class='ocr_carea' id='block_1_5' title="bbox 319 3511 1381 3607">
    <p class='ocr_par' dir='ltr' id='par_1_5' title="bbox 319 3511 1381 3607">
     <span class='ocr_line' id='line_1_30' title="bbox 319 3511 1381 3607; baseline 0.005 -26"><span class='ocrx_word' id='word_1_240' title='bbox 319 3543 479 3601; x_wconf 69' lang='lat' dir='ltr'><strong><em>somonam</em></strong></span> <span class='ocrx_word' id='word_1_241' title='bbox 510 3520 606 3578; x_wconf 87' lang='lat' dir='ltr'><strong><em>literis</em></strong></span> <span class='ocrx_word' id='word_1_242' title='bbox 636 3519 666 3582; x_wconf 84' lang='lat' dir='ltr'><strong><em>C.</em></strong></span> <span class='ocrx_word' id='word_1_243' title='bbox 700 3519 798 3579; x_wconf 87' lang='lat' dir='ltr'><strong><em>Cassii</em></strong></span> <span class='ocrx_word' id='word_1_244' title='bbox 827 3531 854 3578; x_wconf 89' lang='lat' dir='ltr'><strong><em>et</em></strong></span> <span class='ocrx_word' id='word_1_245' title='bbox 879 3519 1018 3579; x_wconf 84' lang='lat' dir='ltr'><strong><em>Deiotari</em></strong></span> <span class='ocrx_word' id='word_1_246' title='bbox 1045 3542 1146 3581; x_wconf 79' lang='lat' dir='ltr'><strong><em>snmus</em></strong></span> <span class='ocrx_word' id='word_1_247' title='bbox 1163 3511 1310 3584; x_wconf 78' lang='lat' dir='ltr'><strong><em>commati.</em></strong></span> <span class='ocrx_word' id='word_1_248' title='bbox 1331 3526 1381 3607; x_wconf 86' lang='lat' dir='ltr'><strong><em>Ep.</em></strong></span> 
     </span>
    </p>
   </div>
   <div class='ocr_carea' id='block_1_6' title="bbox 311 3626 1381 4444">
    <p class='ocr_par' dir='ltr' id='par_1_6' title="bbox 311 3626 1381 4337">
     <span class='ocr_line' id='line_1_31' title="bbox 316 3626 1381 3710; baseline 0.003 -23"><span class='ocrx_word' id='word_1_249' title='bbox 316 3629 397 3686; x_wconf 86' lang='lat' dir='ltr'>Xill.</span> <span class='ocrx_word' id='word_1_250' title='bbox 419 3626 445 3684; x_wconf 92' lang='grc'><strong>1.</strong></span> <span class='ocrx_word' id='word_1_251' title='bbox 467 3645 627 3703; x_wconf 86' lang='lat' dir='ltr'><strong><em>soneqaom</em></strong></span> <span class='ocrx_word' id='word_1_252' title='bbox 647 3645 707 3682; x_wconf 87' lang='lat' dir='ltr'><strong><em>non</em></strong></span> <span class='ocrx_word' id='word_1_253' title='bbox 727 3646 778 3698; x_wconf 84' lang='lat' dir='ltr'><strong><em>aa,</em></strong></span> <span class='ocrx_word' id='word_1_254' title='bbox 800 3645 887 3703; x_wconf 85' lang='lat' dir='ltr'><strong><em>quom</em></strong></span> <span class='ocrx_word' id='word_1_255' title='bbox 907 3628 1164 3702; x_wconf 69' lang='lat' dir='ltr'><strong><em>existimaveram,</em></strong></span> <span class='ocrx_word' id='word_1_256' title='bbox 1183 3631 1314 3690; x_wconf 82' lang='lat' dir='ltr'><strong><em>inuidia.</em></strong></span> <span class='ocrx_word' id='word_1_257' title='bbox 1330 3631 1381 3710; x_wconf 85' lang='lat' dir='ltr'><strong><em>Ep.</em></strong></span> 
     </span>
     <span class='ocr_line' id='line_1_32' title="bbox 316 3727 1381 3815; baseline 0.003 -23"><span class='ocrx_word' id='word_1_258' title='bbox 316 3732 407 3792; x_wconf 89' lang='lat' dir='ltr'>XXll.</span> <span class='ocrx_word' id='word_1_259' title='bbox 430 3733 457 3790; x_wconf 89' lang='lat'><strong><em>1.</em></strong></span> <span class='ocrx_word' id='word_1_260' title='bbox 477 3727 531 3787; x_wconf 87' lang='lat' dir='ltr'><strong><em>Cn.</em></strong></span> <span class='ocrx_word' id='word_1_261' title='bbox 556 3728 753 3786; x_wconf 82' lang='lat' dir='ltr'><strong><em>Saturninum</em></strong></span> <span class='ocrx_word' id='word_1_262' title='bbox 774 3728 824 3789; x_wconf 85' lang='lat' dir='ltr'><strong><em>Cn.</em></strong></span> <span class='ocrx_word' id='word_1_263' title='bbox 842 3729 994 3789; x_wconf 83' lang='lat' dir='ltr'><strong><em>Domitios</em></strong></span> <span class='ocrx_word' id='word_1_264' title='bbox 1014 3751 1095 3789; x_wconf 84' lang='lat' dir='ltr'><strong><em>ream</em></strong></span> <span class='ocrx_word' id='word_1_265' title='bbox 1105 3733 1204 3810; x_wconf 86' lang='lat' dir='ltr'><strong><em>fecit,</em></strong></span> <span class='ocrx_word' id='word_1_266' title='bbox 1221 3755 1381 3815; x_wconf 78' lang='lat' dir='ltr'><strong><em>saneqoom</em></strong></span> 
     </span>
     <span class='ocr_line' id='line_1_33' title="bbox 316 3833 1381 3917; baseline 0.006 -21"><span class='ocrx_word' id='word_1_267' title='bbox 316 3838 464 3917; x_wconf 77' lang='lat' dir='ltr'><strong><em>superiore</em></strong></span> <span class='ocrx_word' id='word_1_268' title='bbox 482 3855 500 3892; x_wconf 91' lang='lat' dir='ltr'><strong><em>a</em></strong></span> <span class='ocrx_word' id='word_1_269' title='bbox 516 3835 579 3891; x_wconf 82' lang='lat' dir='ltr'><strong><em>cita</em></strong></span> <span class='ocrx_word' id='word_1_270' title='bbox 599 3833 803 3914; x_wconf 81' lang='lat' dir='ltr'><strong><em>insidiosam]</em></strong></span> <span class='ocrx_word' id='word_1_271' title='bbox 819 3845 848 3893; x_wconf 89' lang='lat' dir='ltr'><strong><em>et</em></strong></span> <span class='ocrx_word' id='word_1_272' title='bbox 865 3855 935 3908; x_wconf 82' lang='lat' dir='ltr'><strong><em>cum</em></strong></span> <span class='ocrx_word' id='word_1_273' title='bbox 952 3855 987 3894; x_wconf 88' lang='lat' dir='ltr'><strong><em>eo</em></strong></span> <span class='ocrx_word' id='word_1_274' title='bbox 1006 3838 1036 3895; x_wconf 82' lang='lat' dir='ltr'><strong><em>A.</em></strong></span> <span class='ocrx_word' id='word_1_275' title='bbox 1051 3836 1180 3912; x_wconf 83' lang='lat' dir='ltr'><strong><em>Gellius,</em></strong></span> <span class='ocrx_word' id='word_1_276' title='bbox 1192 3850 1381 3901; x_wconf 84' lang='lat' dir='ltr'><strong><em>vetustarum</em></strong></span> 
     </span>
     <span class='ocr_line' id='line_1_34' title="bbox 315 3938 1380 4019; baseline 0.004 -17"><span class='ocrx_word' id='word_1_277' title='bbox 315 3942 532 4019; x_wconf 80' lang='lat' dir='ltr'><strong><em>elegantiarum</em></strong></span> <span class='ocrx_word' id='word_1_278' title='bbox 555 3957 717 4017; x_wconf 82' lang='lat' dir='ltr'><strong><em>sanequarn</em></strong></span> <span class='ocrx_word' id='word_1_279' title='bbox 738 3938 907 4013; x_wconf 79' lang='lat' dir='ltr'><strong><em>affectator,</em></strong></span> <span class='ocrx_word' id='word_1_280' title='bbox 926 3939 968 4017; x_wconf 87' lang='lat' dir='ltr'><strong><em>[L.</em></strong></span> <span class='ocrx_word' id='word_1_281' title='bbox 979 3940 1012 3997; x_wconf 86' lang='lat' dir='ltr'><strong><em>V.</em></strong></span> <span class='ocrx_word' id='word_1_282' title='bbox 1024 3961 1048 4000; x_wconf 92' lang='lat' dir='ltr'><strong><em>o.</em></strong></span> <span class='ocrx_word' id='word_1_283' title='bbox 1063 3939 1109 4000; x_wconf 80' lang='grc'><strong>14.</strong></span> <span class='ocrx_word' id='word_1_284' title='bbox 1131 3941 1186 4001; x_wconf 86' lang='lat' dir='ltr'><strong><em>Est</em></strong></span> <span class='ocrx_word' id='word_1_285' title='bbox 1201 3946 1283 4003; x_wconf 88' lang='lat' dir='ltr'><strong><em>enim</em></strong></span> <span class='ocrx_word' id='word_1_286' title='bbox 1298 3968 1380 4006; x_wconf 87' lang='lat' dir='ltr'><strong><em>sone·</em></strong></span> 
     </span>
     <span class='ocr_line' id='line_1_35' title="bbox 319 4043 1378 4130; baseline 0.007 -26"><span class='ocrx_word' id='word_1_287' title='bbox 319 4067 406 4127; x_wconf 83' lang='lat' dir='ltr'><strong><em>quam</em></strong></span> <span class='ocrx_word' id='word_1_288' title='bbox 430 4047 464 4102; x_wconf 89' lang='lat' dir='ltr'><strong><em>in</em></strong></span> <span class='ocrx_word' id='word_1_289' title='bbox 487 4043 698 4123; x_wconf 79' lang='lat' dir='ltr'><strong><em>praedicandis</em></strong></span> <span class='ocrx_word' id='word_1_290' title='bbox 720 4043 865 4101; x_wconf 79' lang='lat' dir='ltr'><strong><em>doctrinis</em></strong></span> <span class='ocrx_word' id='word_1_291' title='bbox 884 4046 948 4130; x_wconf 79' lang='lat' dir='ltr'><strong><em>sois</em></strong></span> <span class='ocrx_word' id='word_1_292' title='bbox 972 4046 1145 4105; x_wconf 81' lang='lat' dir='ltr'><strong><em>venditator.</em></strong></span> <span class='ocrx_word' id='word_1_293' title='bbox 1189 4048 1274 4108; x_wconf 86' lang='lat' dir='ltr'><strong><em>ldem</em></strong></span> <span class='ocrx_word' id='word_1_294' title='bbox 1292 4051 1324 4110; x_wconf 87' lang='lat' dir='ltr'><strong><em>L.</em></strong></span> <span class='ocrx_word' id='word_1_295' title='bbox 1345 4051 1378 4110; x_wconf 89' lang='lat' dir='ltr'>X.</span> 
     </span>
     <span class='ocr_line' id='line_1_36' title="bbox 313 4147 1379 4231; baseline 0.005 -22"><span class='ocrx_word' id='word_1_296' title='bbox 313 4174 340 4213; x_wconf 92' lang='lat' dir='ltr'><strong><em>c.</em></strong></span> <span class='ocrx_word' id='word_1_297' title='bbox 358 4150 408 4211; x_wconf 82' lang='lat'><strong><em>24.</em></strong></span> <span class='ocrx_word' id='word_1_298' title='bbox 450 4147 526 4206; x_wconf 82' lang='lat' dir='ltr'><strong><em>Nam</em></strong></span> <span class='ocrx_word' id='word_1_299' title='bbox 546 4168 705 4227; x_wconf 84' lang='lat' dir='ltr'><strong><em>soneqoom</em></strong></span> <span class='ocrx_word' id='word_1_300' title='bbox 733 4159 902 4206; x_wconf 82' lang='lat' dir='ltr'><strong><em>consuetam</em></strong></span> <span class='ocrx_word' id='word_1_301' title='bbox 928 4151 971 4208; x_wconf 88' lang='lat' dir='ltr'><strong><em>iis</em></strong></span> <span class='ocrx_word' id='word_1_302' title='bbox 997 4151 1142 4209; x_wconf 79' lang='lat' dir='ltr'><strong><em>veteribus</em></strong></span> <span class='ocrx_word' id='word_1_303' title='bbox 1156 4153 1266 4231; x_wconf 78' lang='lat' dir='ltr'><strong><em>suerat</em></strong></span> <span class='ocrx_word' id='word_1_304' title='bbox 1283 4154 1379 4214; x_wconf 79' lang='lat' dir='ltr'><strong><em>literis</em></strong></span> 
     </span>
     <span class='ocr_line' id='line_1_37' title="bbox 311 4252 1378 4337; baseline 0.001 -20"><span class='ocrx_word' id='word_1_305' title='bbox 311 4259 358 4317; x_wconf 81' lang='lat' dir='ltr'><strong><em>dis</em></strong></span> <span class='ocrx_word' id='word_1_306' title='bbox 368 4256 541 4337; x_wconf 83' lang='lat' dir='ltr'><strong><em>plerumque</em></strong></span> <span class='ocrx_word' id='word_1_307' title='bbox 561 4254 608 4309; x_wconf 85' lang='lat' dir='ltr'><strong><em>nti</em></strong></span> <span class='ocrx_word' id='word_1_308' title='bbox 628 4252 853 4333; x_wconf 67' lang='lat' dir='ltr'><strong><em>indifferentem]</em></strong></span> <span class='ocrx_word' id='word_1_309' title='bbox 888 4321 892 4328; x_wconf 27' lang='lat'><em>¹</em></span> <span class='ocrx_word' id='word_1_310' title='bbox 1256 4258 1378 4320; x_wconf 81' lang='lat' dir='ltr'><strong><em>Corrros.</em></strong></span> 
     </span>
    </p>

    <p class='ocr_par' dir='ltr' id='par_1_7' title="bbox 337 4357 1379 4444">
     <span class='ocr_line' id='line_1_38' title="bbox 337 4357 1379 4444; baseline 0.008 -29"><span class='ocrx_word' id='word_1_311' title='bbox 337 4359 428 4444; x_wconf 83' lang='grc'><strong><em>53.</em></strong></span> <span class='ocrx_word' id='word_1_312' title='bbox 470 4357 585 4418; x_wconf 76' lang='lat' dir='ltr'><strong><em>atiud</em></strong></span> <span class='ocrx_word' id='word_1_313' title='bbox 617 4360 772 4416; x_wconf 83' lang='lat' dir='ltr'><strong><em>sentire</em></strong></span> <span class='ocrx_word' id='word_1_314' title='bbox 798 4368 831 4416; x_wconf 87' lang='lat' dir='ltr'><strong><em>ot</em></strong></span> <span class='ocrx_word' id='word_1_315' title='bbox 859 4358 977 4439; x_wconf 80' lang='lat' dir='ltr'><strong><em>loqui.</em></strong></span> <span class='ocrx_word' id='word_1_316' title='bbox 1029 4361 1172 4424; x_wconf 81' lang='lat' dir='ltr'><strong><em>Utitatiuo</em></strong></span> <span class='ocrx_word' id='word_1_317' title='bbox 1187 4363 1266 4426; x_wconf 82' lang='lat' dir='ltr'><strong><em>foret</em></strong></span> <span class='ocrx_word' id='word_1_318' title='bbox 1293 4365 1379 4426; x_wconf 77' lang='lat' dir='ltr'><strong><em>aliod</em></strong></span> 
     </span>
    </p>
   </div>
   <div class='ocr_carea' id='block_1_7' title="bbox 0 0 1494 5186">
    <p class='ocr_par' dir='ltr' id='par_1_8' title="bbox 0 0 1494 5186">
     <span class='ocr_line' id='line_1_39' title="bbox 0 0 1494 5186; baseline 0 5"><span class='ocrx_word' id='word_1_319' title='bbox 0 0 1494 5186; x_wconf 95' lang='lat' dir='ltr'><strong><em> </em></strong></span> 
     </span>
    </p>
   </div>
  </div>
 </body>
</html>
