<?xml version="1.0" encoding="UTF-8"?>
<!DOCTYPE html PUBLIC "-//W3C//DTD XHTML 1.0 Transitional//EN"
    "http://www.w3.org/TR/xhtml1/DTD/xhtml1-transitional.dtd">
<html xmlns="http://www.w3.org/1999/xhtml" xml:lang="en" lang="en">
 <head>
  <title>
</title>
<meta http-equiv="Content-Type" content="text/html;charset=utf-8" />
  <meta name='ocr-system' content='tesseract 3.04.00' />
  <meta name='ocr-capabilities' content='ocr_page ocr_carea ocr_par ocr_line ocrx_word'/>
</head>
<body>
  <div class='ocr_page' id='page_1' title='image "./caeliirufietcic00surigoog_0146.png"; bbox 0 0 2978 5186; ppageno 0'>
   <div class='ocr_carea' id='block_1_1' title="bbox 624 405 686 466">
    <p class='ocr_par' dir='ltr' id='par_1_1' title="bbox 624 405 686 466">
     <span class='ocr_line' id='line_1_1' title="bbox 624 405 686 466; baseline 0.032 -2"><span class='ocrx_word' id='word_1_1' title='bbox 624 405 686 466; x_wconf 81' lang='lat'>139</span> 
     </span>
    </p>
   </div>
   <div class='ocr_carea' id='block_1_2' title="bbox 369 609 941 694">
    <p class='ocr_par' dir='ltr' id='par_1_2' title="bbox 369 609 941 694">
     <span class='ocr_line' id='line_1_2' title="bbox 369 609 941 694; baseline 0.003 -24"><span class='ocrx_word' id='word_1_2' title='bbox 369 613 452 688; x_wconf 77' lang='lat' dir='ltr'>lura,</span> <span class='ocrx_word' id='word_1_3' title='bbox 474 609 591 690; x_wconf 69' lang='lat' dir='ltr'>Ibidem</span> <span class='ocrx_word' id='word_1_4' title='bbox 613 613 651 671; x_wconf 89' lang='lat' dir='ltr'>ad</span> <span class='ocrx_word' id='word_1_5' title='bbox 672 612 762 691; x_wconf 87' lang='lat' dir='ltr'>Epist.</span> <span class='ocrx_word' id='word_1_6' title='bbox 785 614 839 672; x_wconf 89' lang='lat' dir='ltr'>ult.</span> <span class='ocrx_word' id='word_1_7' title='bbox 862 613 891 694; x_wconf 99' lang='lat'>5.</span> <span class='ocrx_word' id='word_1_8' title='bbox 916 614 941 672; x_wconf 91' lang='lat'>1.</span> 
     </span>
    </p>
   </div>
   <div class='ocr_carea' id='block_1_3' title="bbox 120 762 1188 1266">
    <p class='ocr_par' dir='ltr' id='par_1_3' title="bbox 120 762 1188 1266">
     <span class='ocr_line' id='line_1_3' title="bbox 166 762 1186 846; baseline 0.005 -22"><span class='ocrx_word' id='word_1_9' title='bbox 166 764 240 833; x_wconf 83' lang='lat' dir='ltr'>Nos,</span> <span class='ocrx_word' id='word_1_10' title='bbox 270 762 352 842; x_wconf 90' lang='lat' dir='ltr'>quod</span> <span class='ocrx_word' id='word_1_11' title='bbox 380 766 549 843; x_wconf 85' lang='lat' dir='ltr'>potuimus,</span> <span class='ocrx_word' id='word_1_12' title='bbox 579 763 785 842; x_wconf 75' lang='lat' dir='ltr'><strong>praestitimus</strong></span> <span class='ocrx_word' id='word_1_13' title='bbox 802 766 835 822; x_wconf 92' lang='lat' dir='ltr'>in</span> <span class='ocrx_word' id='word_1_14' title='bbox 856 764 903 822; x_wconf 89' lang='lat' dir='ltr'>his</span> <span class='ocrx_word' id='word_1_15' title='bbox 921 764 1014 823; x_wconf 88' lang='lat' dir='ltr'>Coelii</span> <span class='ocrx_word' id='word_1_16' title='bbox 1036 769 1186 846; x_wconf 87' lang='lat' dir='ltr'>epistolis:</span> 
     </span>
     <span class='ocr_line' id='line_1_4' title="bbox 124 868 1188 947; baseline 0.006 -19"><span class='ocrx_word' id='word_1_17' title='bbox 124 868 225 928; x_wconf 90' lang='lat' dir='ltr'>multa</span> <span class='ocrx_word' id='word_1_18' title='bbox 242 887 296 926; x_wconf 90' lang='lat' dir='ltr'>nos</span> <span class='ocrx_word' id='word_1_19' title='bbox 316 870 504 947; x_wconf 69' lang='lat' dir='ltr'>praeteriisse</span> <span class='ocrx_word' id='word_1_20' title='bbox 523 869 663 928; x_wconf 85' lang='lat' dir='ltr'>fatemur.</span> <span class='ocrx_word' id='word_1_21' title='bbox 695 869 752 944; x_wconf 86' lang='lat' dir='ltr'>Qui</span> <span class='ocrx_word' id='word_1_22' title='bbox 773 869 929 928; x_wconf 87' lang='lat' dir='ltr'>meliorem</span> <span class='ocrx_word' id='word_1_23' title='bbox 948 871 1084 931; x_wconf 88' lang='lat' dir='ltr'>codicem</span> <span class='ocrx_word' id='word_1_24' title='bbox 1106 877 1188 934; x_wconf 88' lang='lat' dir='ltr'>nacti</span> 
     </span>
     <span class='ocr_line' id='line_1_5' title="bbox 121 974 1184 1056; baseline 0.001 -20"><span class='ocrx_word' id='word_1_25' title='bbox 121 977 257 1049; x_wconf 79' lang='lat' dir='ltr'>fuerint,</span> <span class='ocrx_word' id='word_1_26' title='bbox 275 995 353 1055; x_wconf 88' lang='lat' dir='ltr'>quac</span> <span class='ocrx_word' id='word_1_27' title='bbox 373 984 486 1034; x_wconf 84' lang='lat' dir='ltr'>restant</span> <span class='ocrx_word' id='word_1_28' title='bbox 503 994 563 1033; x_wconf 93' lang='lat' dir='ltr'>non</span> <span class='ocrx_word' id='word_1_29' title='bbox 583 991 678 1054; x_wconf 85' lang='lat' dir='ltr'>pauca</span> <span class='ocrx_word' id='word_1_30' title='bbox 698 974 839 1048; x_wconf 84' lang='lat' dir='ltr'>vulnera,</span> <span class='ocrx_word' id='word_1_31' title='bbox 855 994 960 1034; x_wconf 87' lang='lat' dir='ltr'>sanare</span> <span class='ocrx_word' id='word_1_32' title='bbox 977 974 1098 1036; x_wconf 80' lang='lat' dir='ltr'>facilius</span> <span class='ocrx_word' id='word_1_33' title='bbox 1120 987 1184 1056; x_wconf 91' lang='lat' dir='ltr'>pot-</span> 
     </span>
     <span class='ocr_line' id='line_1_6' title="bbox 125 1077 1187 1159; baseline 0 -17"><span class='ocrx_word' id='word_1_34' title='bbox 125 1077 226 1142; x_wconf 76' lang='lat' dir='ltr'>e&#39;runt.</span> <span class='ocrx_word' id='word_1_35' title='bbox 267 1079 354 1141; x_wconf 70' lang='lat' dir='ltr'>Alius</span> <span class='ocrx_word' id='word_1_36' title='bbox 381 1080 460 1139; x_wconf 90' lang='lat' dir='ltr'>mihi</span> <span class='ocrx_word' id='word_1_37' title='bbox 482 1081 566 1139; x_wconf 83' lang='lat' dir='ltr'>risus</span> <span class='ocrx_word' id='word_1_38' title='bbox 586 1090 631 1139; x_wconf 88' lang='lat' dir='ltr'>est</span> <span class='ocrx_word' id='word_1_39' title='bbox 651 1082 682 1137; x_wconf 88' lang='lat' dir='ltr'>in</span> <span class='ocrx_word' id='word_1_40' title='bbox 703 1079 761 1137; x_wconf 91' lang='lat' dir='ltr'>hoo</span> <span class='ocrx_word' id='word_1_41' title='bbox 781 1077 874 1155; x_wconf 87' lang='lat' dir='ltr'>libro,</span> <span class='ocrx_word' id='word_1_42' title='bbox 902 1099 994 1158; x_wconf 87' lang='lat' dir='ltr'>quam</span> <span class='ocrx_word' id='word_1_43' title='bbox 1014 1083 1045 1140; x_wconf 91' lang='lat' dir='ltr'>in</span> <span class='ocrx_word' id='word_1_44' title='bbox 1066 1085 1187 1159; x_wconf 85' lang='lat' dir='ltr'>ceteris,</span> 
     </span>
     <span class='ocr_line' id='line_1_7' title="bbox 120 1183 1187 1266; baseline 0.001 -19"><span class='ocrx_word' id='word_1_45' title='bbox 120 1187 271 1247; x_wconf 86' lang='lat' dir='ltr'>llediceus</span> <span class='ocrx_word' id='word_1_46' title='bbox 300 1185 410 1245; x_wconf 84' lang='lat' dir='ltr'>codex:</span> <span class='ocrx_word' id='word_1_47' title='bbox 438 1203 492 1243; x_wconf 89' lang='lat' dir='ltr'>nos</span> <span class='ocrx_word' id='word_1_48' title='bbox 514 1184 551 1242; x_wconf 91' lang='lat' dir='ltr'>ab</span> <span class='ocrx_word' id='word_1_49' title='bbox 572 1203 607 1243; x_wconf 92' lang='lat' dir='ltr'>eo</span> <span class='ocrx_word' id='word_1_50' title='bbox 628 1183 781 1259; x_wconf 85' lang='lat' dir='ltr'>destituti,</span> <span class='ocrx_word' id='word_1_51' title='bbox 803 1193 952 1263; x_wconf 90' lang='lat' dir='ltr'>quantum</span> <span class='ocrx_word' id='word_1_52' title='bbox 974 1187 1187 1266; x_wconf 87' lang='lat' dir='ltr'>cupiebamus,</span> 
     </span>
    </p>
   </div>
   <div class='ocr_carea' id='block_1_4' title="bbox 119 1287 1290 1371">
    <p class='ocr_par' dir='ltr' id='par_1_4' title="bbox 119 1287 1290 1371">
     <span class='ocr_line' id='line_1_8' title="bbox 119 1287 1290 1371; baseline 0.002 -21"><span class='ocrx_word' id='word_1_53' title='bbox 119 1291 222 1350; x_wconf 85' lang='lat' dir='ltr'>facero</span> <span class='ocrx_word' id='word_1_54' title='bbox 247 1309 309 1350; x_wconf 89' lang='lat' dir='ltr'>non</span> <span class='ocrx_word' id='word_1_55' title='bbox 330 1289 498 1368; x_wconf 89' lang='lat' dir='ltr'>potuimus:</span> <span class='ocrx_word' id='word_1_56' title='bbox 526 1307 589 1347; x_wconf 90' lang='lat' dir='ltr'>non</span> <span class='ocrx_word' id='word_1_57' title='bbox 609 1289 690 1346; x_wconf 90' lang='lat' dir='ltr'>enim</span> <span class='ocrx_word' id='word_1_58' title='bbox 708 1287 846 1346; x_wconf 89' lang='lat' dir='ltr'>divinare</span> <span class='ocrx_word' id='word_1_59' title='bbox 865 1299 1002 1349; x_wconf 90' lang='lat' dir='ltr'>nostrum</span> <span class='ocrx_word' id='word_1_60' title='bbox 1023 1291 1187 1353; x_wconf 89' lang='lat' dir='ltr'>consilium</span> <span class='ocrx_word' id='word_1_61' title='bbox 1287 1365 1290 1371; x_wconf 24' lang='grc' dir='ltr'><strong><em>Ι</em></strong></span> 
     </span>
    </p>
   </div>
   <div class='ocr_carea' id='block_1_5' title="bbox 118 1390 1186 1559">
    <p class='ocr_par' dir='ltr' id='par_1_5' title="bbox 118 1390 1186 1559">
     <span class='ocr_line' id='line_1_9' title="bbox 119 1390 1186 1470; baseline 0.001 -16"><span class='ocrx_word' id='word_1_62' title='bbox 119 1405 177 1455; x_wconf 86' lang='lat' dir='ltr'>est.</span> <span class='ocrx_word' id='word_1_63' title='bbox 190 1430 232 1440; x_wconf 98' lang='lat'>--</span> <span class='ocrx_word' id='word_1_64' title='bbox 252 1395 373 1454; x_wconf 88' lang='lat' dir='ltr'>laceant</span> <span class='ocrx_word' id='word_1_65' title='bbox 393 1394 489 1470; x_wconf 90' lang='lat' dir='ltr'>igitur</span> <span class='ocrx_word' id='word_1_66' title='bbox 509 1391 543 1450; x_wconf 93' lang='lat' dir='ltr'>hi</span> <span class='ocrx_word' id='word_1_67' title='bbox 561 1392 638 1466; x_wconf 92' lang='lat' dir='ltr'>loci,</span> <span class='ocrx_word' id='word_1_68' title='bbox 658 1390 754 1452; x_wconf 88' lang='lat' dir='ltr'>donec</span> <span class='ocrx_word' id='word_1_69' title='bbox 776 1411 812 1450; x_wconf 87' lang='lat' dir='ltr'>ex</span> <span class='ocrx_word' id='word_1_70' title='bbox 832 1393 1009 1454; x_wconf 90' lang='lat' dir='ltr'>melioribus</span> <span class='ocrx_word' id='word_1_71' title='bbox 1030 1396 1186 1457; x_wconf 76' lang='lat' dir='ltr'><strong>codicibus</strong></span> 
     </span>
     <span class='ocr_line' id='line_1_10' title="bbox 118 1500 482 1559; baseline -0.008 0"><span class='ocrx_word' id='word_1_72' title='bbox 118 1519 194 1559; x_wconf 85' lang='lat' dir='ltr'>vera</span> <span class='ocrx_word' id='word_1_73' title='bbox 208 1500 300 1558; x_wconf 89' lang='lat' dir='ltr'>lectio</span> <span class='ocrx_word' id='word_1_74' title='bbox 322 1500 482 1558; x_wconf 78' lang='lat' dir='ltr'>elucescat.</span> 
     </span>
    </p>
   </div>
   <div class='ocr_carea' id='block_1_6' title="bbox 159 1647 1145 2255">
    <p class='ocr_par' dir='ltr' id='par_1_6' title="bbox 159 1647 1145 2255">
     <span class='ocr_line' id='line_1_11' title="bbox 159 1647 1145 1727; baseline 0.004 -19"><span class='ocrx_word' id='word_1_75' title='bbox 159 1649 293 1709; x_wconf 83' lang='lat' dir='ltr'>Hmarcss</span> <span class='ocrx_word' id='word_1_76' title='bbox 312 1649 473 1723; x_wconf 54' lang='lat' dir='ltr'>muninus,</span> <span class='ocrx_word' id='word_1_77' title='bbox 501 1647 547 1707; x_wconf 90' lang='lat' dir='ltr'>De</span> <span class='ocrx_word' id='word_1_78' title='bbox 568 1651 655 1707; x_wconf 81' lang='lat' dir='ltr'>corio</span> <span class='ocrx_word' id='word_1_79' title='bbox 675 1647 879 1727; x_wconf 82' lang='lat' dir='ltr'>Epistularum</span> <span class='ocrx_word' id='word_1_80' title='bbox 901 1648 1053 1711; x_wconf 74' lang='lat' dir='ltr'>Ciceronis</span> <span class='ocrx_word' id='word_1_81' title='bbox 1072 1659 1145 1712; x_wconf 84' lang='lat' dir='ltr'>scri·</span> 
     </span>
     <span class='ocr_line' id='line_1_12' title="bbox 176 1751 1123 1836; baseline 0.006 -25"><span class='ocrx_word' id='word_1_82' title='bbox 176 1755 290 1834; x_wconf 81' lang='lat' dir='ltr'>ptioue,</span> <span class='ocrx_word' id='word_1_83' title='bbox 310 1751 370 1836; x_wconf 75' lang='lat' dir='ltr'>(inz</span> <span class='ocrx_word' id='word_1_84' title='bbox 390 1753 661 1813; x_wconf 75' lang='lat' dir='ltr'>commentationes</span> <span class='ocrx_word' id='word_1_85' title='bbox 671 1753 880 1825; x_wconf 82' lang='lat' dir='ltr'>Diversorum,</span> <span class='ocrx_word' id='word_1_86' title='bbox 895 1757 1006 1833; x_wconf 87' lang='lat' dir='ltr'>partim</span> <span class='ocrx_word' id='word_1_87' title='bbox 1021 1766 1107 1817; x_wconf 89' lang='lat' dir='ltr'>antea</span> <span class='ocrx_word' id='word_1_88' title='bbox 1113 1802 1123 1835; x_wconf 86' lang='lat'><em>,</em></span> 
     </span>
     <span class='ocr_line' id='line_1_13' title="bbox 201 1859 1105 1939; baseline 0.007 -23"><span class='ocrx_word' id='word_1_89' title='bbox 201 1860 313 1938; x_wconf 87' lang='lat' dir='ltr'>partim</span> <span class='ocrx_word' id='word_1_90' title='bbox 341 1878 424 1918; x_wconf 89' lang='lat' dir='ltr'>nunc</span> <span class='ocrx_word' id='word_1_91' title='bbox 451 1861 585 1938; x_wconf 90' lang='lat' dir='ltr'>primum</span> <span class='ocrx_word' id='word_1_92' title='bbox 613 1859 728 1936; x_wconf 87' lang='lat' dir='ltr'>editae,</span> <span class='ocrx_word' id='word_1_93' title='bbox 748 1862 781 1918; x_wconf 93' lang='lat' dir='ltr'>in</span> <span class='ocrx_word' id='word_1_94' title='bbox 802 1859 893 1939; x_wconf 82' lang='lat' dir='ltr'>Epist.</span> <span class='ocrx_word' id='word_1_95' title='bbox 914 1860 950 1919; x_wconf 90' lang='lat' dir='ltr'>ll.</span> <span class='ocrx_word' id='word_1_96' title='bbox 972 1861 1002 1920; x_wconf 89' lang='grc' dir='ltr'>Τ.</span> <span class='ocrx_word' id='word_1_97' title='bbox 1024 1861 1105 1922; x_wconf 85' lang='lat' dir='ltr'>Cice·</span> 
     </span>
     <span class='ocr_line' id='line_1_14' title="bbox 221 1963 1084 2041; baseline 0.003 -19"><span class='ocrx_word' id='word_1_98' title='bbox 221 1965 320 2037; x_wconf 88' lang='lat' dir='ltr'>ronis,</span> <span class='ocrx_word' id='word_1_99' title='bbox 345 1982 423 2041; x_wconf 89' lang='lat' dir='ltr'>quae</span> <span class='ocrx_word' id='word_1_100' title='bbox 447 1964 521 2022; x_wconf 89' lang='lat' dir='ltr'>olim</span> <span class='ocrx_word' id='word_1_101' title='bbox 541 1963 714 2022; x_wconf 79' lang='lat' dir='ltr'>Familiares</span> <span class='ocrx_word' id='word_1_102' title='bbox 734 1963 853 2039; x_wconf 83' lang='lat' dir='ltr'>dictae,</span> <span class='ocrx_word' id='word_1_103' title='bbox 871 1984 953 2025; x_wconf 91' lang='lat' dir='ltr'>nnnc</span> <span class='ocrx_word' id='word_1_104' title='bbox 971 1968 1084 2025; x_wconf 87' lang='lat' dir='ltr'>rectius</span> 
     </span>
     <span class='ocr_line' id='line_1_15' title="bbox 240 2067 1063 2146; baseline 0.005 -20"><span class='ocrx_word' id='word_1_105' title='bbox 240 2067 280 2126; x_wconf 88' lang='lat' dir='ltr'>sd</span> <span class='ocrx_word' id='word_1_106' title='bbox 295 2067 468 2128; x_wconf 79' lang='lat' dir='ltr'>Familiares</span> <span class='ocrx_word' id='word_1_107' title='bbox 481 2067 684 2146; x_wconf 85' lang='lat' dir='ltr'>appellantur.</span> <span class='ocrx_word' id='word_1_108' title='bbox 704 2067 792 2128; x_wconf 78' lang='lat' dir='ltr'>Anno</span> <span class='ocrx_word' id='word_1_109' title='bbox 815 2068 851 2128; x_wconf 82' lang='lat' dir='ltr'>ll.</span> <span class='ocrx_word' id='word_1_110' title='bbox 873 2069 906 2128; x_wconf 89' lang='lat' dir='ltr'>ll.</span> <span class='ocrx_word' id='word_1_111' title='bbox 926 2069 1063 2130; x_wconf 83' lang='lat' dir='ltr'><strong>LXXVII.</strong></span> 
     </span>
     <span class='ocr_line' id='line_1_16' title="bbox 287 2169 1020 2255; baseline 0.004 -24"><span class='ocrx_word' id='word_1_112' title='bbox 287 2170 462 2232; x_wconf 85' lang='lat' dir='ltr'>Excudebat</span> <span class='ocrx_word' id='word_1_113' title='bbox 482 2171 569 2230; x_wconf 88' lang='lat' dir='ltr'>llenr.</span> <span class='ocrx_word' id='word_1_114' title='bbox 590 2169 783 2252; x_wconf 83' lang='lat' dir='ltr'>Stephanus.)</span> <span class='ocrx_word' id='word_1_115' title='bbox 802 2192 832 2252; x_wconf 88' lang='lat' dir='ltr'>p.</span> <span class='ocrx_word' id='word_1_116' title='bbox 854 2173 915 2233; x_wconf 85' lang='lat'>205</span> <span class='ocrx_word' id='word_1_117' title='bbox 935 2192 1020 2255; x_wconf 82' lang='lat' dir='ltr'>seqq.</span> 
     </span>
    </p>
   </div>
   <div class='ocr_carea' id='block_1_7' title="bbox 104 2295 1195 4489">
    <p class='ocr_par' dir='ltr' id='par_1_7' title="bbox 104 2295 1195 4489">
     <span class='ocr_line' id='line_1_17' title="bbox 155 2295 1186 2387; baseline 0.003 -19"><span class='ocrx_word' id='word_1_118' title='bbox 155 2309 237 2368; x_wconf 86' lang='lat' dir='ltr'>Sunt</span> <span class='ocrx_word' id='word_1_119' title='bbox 262 2326 335 2366; x_wconf 77' lang='lat' dir='ltr'>vero</span> <span class='ocrx_word' id='word_1_120' title='bbox 364 2315 393 2364; x_wconf 89' lang='lat' dir='ltr'>et</span> <span class='ocrx_word' id='word_1_121' title='bbox 410 2305 487 2364; x_wconf 88' lang='lat' dir='ltr'>aliae</span> <span class='ocrx_word' id='word_1_122' title='bbox 507 2303 668 2382; x_wconf 88' lang='lat' dir='ltr'>epistolae,</span> <span class='ocrx_word' id='word_1_123' title='bbox 688 2324 768 2383; x_wconf 91' lang='lat' dir='ltr'>quae</span> <span class='ocrx_word' id='word_1_124' title='bbox 789 2307 827 2364; x_wconf 89' lang='lat' dir='ltr'>ab</span> <span class='ocrx_word' id='word_1_125' title='bbox 845 2295 1080 2387; x_wconf 77' lang='lat' dir='ltr'>interrogatione</span> <span class='ocrx_word' id='word_1_126' title='bbox 1098 2312 1186 2372; x_wconf 91' lang='lat' dir='ltr'>initi-</span> 
     </span>
     <span class='ocr_line' id='line_1_18' title="bbox 117 2409 1185 2490; baseline 0 -16"><span class='ocrx_word' id='word_1_127' title='bbox 117 2433 174 2474; x_wconf 87' lang='lat' dir='ltr'>um</span> <span class='ocrx_word' id='word_1_128' title='bbox 201 2413 333 2472; x_wconf 88' lang='lat' dir='ltr'>habent:</span> <span class='ocrx_word' id='word_1_129' title='bbox 357 2429 496 2490; x_wconf 83' lang='lat' dir='ltr'>‚quarum</span> <span class='ocrx_word' id='word_1_130' title='bbox 523 2418 568 2468; x_wconf 88' lang='lat' dir='ltr'>est</span> <span class='ocrx_word' id='word_1_131' title='bbox 585 2409 704 2470; x_wconf 87' lang='lat' dir='ltr'>decima</span> <span class='ocrx_word' id='word_1_132' title='bbox 721 2411 849 2489; x_wconf 88' lang='lat' dir='ltr'>septima</span> <span class='ocrx_word' id='word_1_133' title='bbox 867 2411 938 2471; x_wconf 88' lang='lat' dir='ltr'>libri</span> <span class='ocrx_word' id='word_1_134' title='bbox 959 2416 1047 2487; x_wconf 88' lang='lat' dir='ltr'>noni,</span> <span class='ocrx_word' id='word_1_135' title='bbox 1069 2414 1135 2474; x_wconf 78' lang='lat' dir='ltr'>Non</span> <span class='ocrx_word' id='word_1_136' title='bbox 1152 2427 1185 2475; x_wconf 82' lang='lat' dir='ltr'>to</span> 
     </span>
     <span class='ocr_line' id='line_1_19' title="bbox 114 2511 1183 2600; baseline 0.002 -22"><span class='ocrx_word' id='word_1_137' title='bbox 114 2521 203 2579; x_wconf 76' lang='lat' dir='ltr'>bomo</span> <span class='ocrx_word' id='word_1_138' title='bbox 232 2516 380 2576; x_wconf 81' lang='lat' dir='ltr'>ridiculus</span> <span class='ocrx_word' id='word_1_139' title='bbox 408 2535 455 2586; x_wconf 81' lang='lat' dir='ltr'>es,</span> <span class='ocrx_word' id='word_1_140' title='bbox 484 2516 555 2594; x_wconf 81' lang='lat' dir='ltr'>qui,</span> <span class='ocrx_word' id='word_1_141' title='bbox 577 2535 666 2594; x_wconf 81' lang='lat' dir='ltr'>quom</span> <span class='ocrx_word' id='word_1_142' title='bbox 684 2511 798 2573; x_wconf 82' lang='lat' dir='ltr'>Balbos</span> <span class='ocrx_word' id='word_1_143' title='bbox 818 2527 916 2574; x_wconf 74' lang='lat' dir='ltr'>noster</span> <span class='ocrx_word' id='word_1_144' title='bbox 933 2520 1014 2598; x_wconf 81' lang='lat' dir='ltr'>opud</span> <span class='ocrx_word' id='word_1_145' title='bbox 1029 2521 1183 2600; x_wconf 71' lang='lat' dir='ltr'>tefuerit,</span> 
     </span>
     <span class='ocr_line' id='line_1_20' title="bbox 113 2619 1185 2706; baseline 0.002 -22"><span class='ocrx_word' id='word_1_146' title='bbox 113 2645 152 2684; x_wconf 80' lang='lat' dir='ltr'>eo·</span> <span class='ocrx_word' id='word_1_147' title='bbox 180 2644 225 2682; x_wconf 89' lang='lat' dir='ltr'>me</span> <span class='ocrx_word' id='word_1_148' title='bbox 243 2641 367 2702; x_wconf 78' lang='lat' dir='ltr'>quaeras</span> <span class='ocrx_word' id='word_1_149' title='bbox 390 2619 464 2699; x_wconf 78' lang='lat' dir='ltr'>quid</span> <span class='ocrx_word' id='word_1_150' title='bbox 482 2619 516 2676; x_wconf 83' lang='lat' dir='ltr'>de</span> <span class='ocrx_word' id='word_1_151' title='bbox 534 2621 603 2676; x_wconf 85' lang='lat' dir='ltr'>istis</span> <span class='ocrx_word' id='word_1_152' title='bbox 624 2620 801 2697; x_wconf 77' lang='lat' dir='ltr'>suonioipiis</span> <span class='ocrx_word' id='word_1_153' title='bbox 820 2629 847 2677; x_wconf 90' lang='lat' dir='ltr'>et</span> <span class='ocrx_word' id='word_1_154' title='bbox 867 2624 952 2701; x_wconf 82' lang='lat' dir='ltr'>agris</span> <span class='ocrx_word' id='word_1_155' title='bbox 964 2625 1108 2702; x_wconf 78' lang='lat' dir='ltr'>sotorum</span> <span class='ocrx_word' id='word_1_156' title='bbox 1122 2649 1185 2706; x_wconf 80' lang='lat' dir='ltr'>po·</span> 
     </span>
     <span class='ocr_line' id='line_1_21' title="bbox 113 2723 1184 2808; baseline 0.004 -20"><span class='ocrx_word' id='word_1_157' title='bbox 113 2729 197 2788; x_wconf 79' lang='lat' dir='ltr'>tem?</span> <span class='ocrx_word' id='word_1_158' title='bbox 244 2729 326 2803; x_wconf 81' lang='lat' dir='ltr'>Quae</span> <span class='ocrx_word' id='word_1_159' title='bbox 359 2735 461 2785; x_wconf 88' lang='lat' dir='ltr'>tamen</span> <span class='ocrx_word' id='word_1_160' title='bbox 485 2743 546 2782; x_wconf 91' lang='lat' dir='ltr'>non</span> <span class='ocrx_word' id='word_1_161' title='bbox 574 2732 645 2782; x_wconf 90' lang='lat' dir='ltr'>sunt</span> <span class='ocrx_word' id='word_1_162' title='bbox 670 2723 882 2800; x_wconf 78' lang='lat' dir='ltr'>interrogantis</span> <span class='ocrx_word' id='word_1_163' title='bbox 909 2727 1103 2808; x_wconf 85' lang='lat' dir='ltr'>simpliciter,</span> <span class='ocrx_word' id='word_1_164' title='bbox 1129 2732 1184 2792; x_wconf 83' lang='lat' dir='ltr'>sed</span> 
     </span>
     <span class='ocr_line' id='line_1_22' title="bbox 114 2827 1181 2912; baseline 0 -19"><span class='ocrx_word' id='word_1_165' title='bbox 114 2853 189 2894; x_wconf 89' lang='lat' dir='ltr'>cum</span> <span class='ocrx_word' id='word_1_166' title='bbox 216 2833 429 2892; x_wconf 86' lang='lat' dir='ltr'>admiratione:</span> <span class='ocrx_word' id='word_1_167' title='bbox 456 2847 553 2908; x_wconf 91' lang='lat' dir='ltr'>quum</span> <span class='ocrx_word' id='word_1_168' title='bbox 578 2831 610 2886; x_wconf 90' lang='lat' dir='ltr'>iu</span> <span class='ocrx_word' id='word_1_169' title='bbox 630 2827 882 2906; x_wconf 85' lang='lat' dir='ltr'>praecedentibus</span> <span class='ocrx_word' id='word_1_170' title='bbox 903 2828 946 2908; x_wconf 89' lang='lat' dir='ltr'>[L.</span> <span class='ocrx_word' id='word_1_171' title='bbox 968 2831 1007 2890; x_wconf 95' lang='lat' dir='ltr'>ll.</span> <span class='ocrx_word' id='word_1_172' title='bbox 1026 2833 1078 2912; x_wconf 85' lang='lat' dir='ltr'>Ep.</span> <span class='ocrx_word' id='word_1_173' title='bbox 1100 2833 1128 2893; x_wconf 91' lang='lat'>8.</span> <span class='ocrx_word' id='word_1_174' title='bbox 1149 2837 1181 2896; x_wconf 91' lang='lat' dir='ltr'>L.</span> 
     </span>
     <span class='ocr_line' id='line_1_23' title="bbox 112 2932 1182 3022; baseline 0.002 -25"><span class='ocrx_word' id='word_1_175' title='bbox 112 2939 179 2998; x_wconf 87' lang='lat' dir='ltr'>vll.</span> <span class='ocrx_word' id='word_1_176' title='bbox 196 2939 249 3018; x_wconf 84' lang='lat' dir='ltr'>Ep.</span> <span class='ocrx_word' id='word_1_177' title='bbox 268 2937 315 2998; x_wconf 77' lang='lat'>13.</span> <span class='ocrx_word' id='word_1_178' title='bbox 333 2936 365 2996; x_wconf 90' lang='lat' dir='ltr'>L.</span> <span class='ocrx_word' id='word_1_179' title='bbox 382 2935 430 2995; x_wconf 87' lang='lat' dir='ltr'>lll.</span> <span class='ocrx_word' id='word_1_180' title='bbox 445 2935 498 3013; x_wconf 87' lang='lat' dir='ltr'>Ep.</span> <span class='ocrx_word' id='word_1_181' title='bbox 513 2933 566 2993; x_wconf 88' lang='lat'>21.</span> <span class='ocrx_word' id='word_1_182' title='bbox 581 2934 611 2993; x_wconf 93' lang='lat' dir='ltr'>L.</span> <span class='ocrx_word' id='word_1_183' title='bbox 628 2933 691 2992; x_wconf 89' lang='lat' dir='ltr'>Xll.</span> <span class='ocrx_word' id='word_1_184' title='bbox 707 2933 758 3013; x_wconf 89' lang='lat' dir='ltr'>llp.</span> <span class='ocrx_word' id='word_1_185' title='bbox 777 2932 826 2992; x_wconf 88' lang='grc'>30.</span> <span class='ocrx_word' id='word_1_186' title='bbox 842 2934 880 2992; x_wconf 87' lang='lat' dir='ltr'>ad</span> <span class='ocrx_word' id='word_1_187' title='bbox 897 2933 957 2995; x_wconf 80' lang='lat' dir='ltr'>Att.</span> <span class='ocrx_word' id='word_1_188' title='bbox 974 2936 1006 2997; x_wconf 86' lang='lat' dir='ltr'>L.</span> <span class='ocrx_word' id='word_1_189' title='bbox 1017 2938 1065 2997; x_wconf 80' lang='lat' dir='ltr'>tv,</span> <span class='ocrx_word' id='word_1_190' title='bbox 1076 2939 1128 3018; x_wconf 86' lang='lat' dir='ltr'>Ep.</span> <span class='ocrx_word' id='word_1_191' title='bbox 1140 2941 1182 3022; x_wconf 82' lang='grc'>5.]</span> 
     </span>
     <span class='ocr_line' id='line_1_24' title="bbox 113 3037 1182 3122; baseline 0 -18"><span class='ocrx_word' id='word_1_192' title='bbox 113 3052 193 3104; x_wconf 86' lang='lat' dir='ltr'>esset</span> <span class='ocrx_word' id='word_1_193' title='bbox 222 3044 323 3122; x_wconf 88' lang='lat' dir='ltr'>potins</span> <span class='ocrx_word' id='word_1_194' title='bbox 344 3040 540 3116; x_wconf 77' lang='lat' dir='ltr'>interrogatio</span> <span class='ocrx_word' id='word_1_195' title='bbox 561 3057 633 3096; x_wconf 89' lang='lat' dir='ltr'>cum</span> <span class='ocrx_word' id='word_1_196' title='bbox 654 3037 881 3114; x_wconf 84' lang='lat' dir='ltr'>indignatione:</span> <span class='ocrx_word' id='word_1_197' title='bbox 901 3040 950 3100; x_wconf 86' lang='lat' dir='ltr'>rel</span> <span class='ocrx_word' id='word_1_198' title='bbox 972 3045 1073 3120; x_wconf 86' lang='lat' dir='ltr'>potins</span> <span class='ocrx_word' id='word_1_199' title='bbox 1090 3044 1182 3104; x_wconf 91' lang='lat' dir='ltr'>inter·</span> 
     </span>
     <span class='ocr_line' id='line_1_25' title="bbox 111 3121 1195 3228; baseline 0.001 -20"><span class='ocrx_word' id='word_1_200' title='bbox 111 3150 233 3228; x_wconf 91' lang='lat' dir='ltr'>rogatio</span> <span class='ocrx_word' id='word_1_201' title='bbox 255 3121 494 3226; x_wconf 82' lang='lat' dir='ltr'>praeseferens</span> <span class='ocrx_word' id='word_1_202' title='bbox 514 3144 667 3223; x_wconf 88' lang='lat' dir='ltr'>quandam</span> <span class='ocrx_word' id='word_1_203' title='bbox 681 3143 940 3220; x_wconf 81' lang='lat' dir='ltr'>indignationem,</span> <span class='ocrx_word' id='word_1_204' title='bbox 965 3168 1062 3226; x_wconf 88' lang='lat' dir='ltr'>quum</span> <span class='ocrx_word' id='word_1_205' title='bbox 1081 3145 1195 3209; x_wconf 78' lang='lat' dir='ltr'>tamen¹</span> 
     </span>
     <span class='ocr_line' id='line_1_26' title="bbox 110 3248 1182 3328; baseline -0.001 -14"><span class='ocrx_word' id='word_1_206' title='bbox 110 3253 202 3314; x_wconf 89' lang='lat' dir='ltr'>nulla</span> <span class='ocrx_word' id='word_1_207' title='bbox 213 3262 300 3312; x_wconf 86' lang='lat' dir='ltr'>esset.</span> <span class='ocrx_word' id='word_1_208' title='bbox 317 3251 384 3309; x_wconf 88' lang='lat' dir='ltr'>Imo</span> <span class='ocrx_word' id='word_1_209' title='bbox 394 3267 465 3309; x_wconf 86' lang='lat' dir='ltr'>vero</span> <span class='ocrx_word' id='word_1_210' title='bbox 476 3250 519 3307; x_wconf 91' lang='lat' dir='ltr'>ibi</span> <span class='ocrx_word' id='word_1_211' title='bbox 530 3267 652 3328; x_wconf 91' lang='lat' dir='ltr'>quoque</span> <span class='ocrx_word' id='word_1_212' title='bbox 664 3248 893 3308; x_wconf 87' lang='lat' dir='ltr'>admirationem</span> <span class='ocrx_word' id='word_1_213' title='bbox 905 3251 1098 3311; x_wconf 87' lang='lat' dir='ltr'>coniunctam</span> <span class='ocrx_word' id='word_1_214' title='bbox 1109 3273 1182 3328; x_wconf 88' lang='lat' dir='ltr'>csse,</span> 
     </span>
     <span class='ocr_line' id='line_1_27' title="bbox 110 3351 1182 3436; baseline 0 -18"><span class='ocrx_word' id='word_1_215' title='bbox 110 3379 176 3418; x_wconf 88' lang='lat' dir='ltr'>non</span> <span class='ocrx_word' id='word_1_216' title='bbox 195 3357 275 3416; x_wconf 88' lang='lat' dir='ltr'>male</span> <span class='ocrx_word' id='word_1_217' title='bbox 299 3355 425 3416; x_wconf 81' lang='lat' dir='ltr'>fortasse</span> <span class='ocrx_word' id='word_1_218' title='bbox 452 3357 604 3435; x_wconf 88' lang='lat' dir='ltr'>quispiam</span> <span class='ocrx_word' id='word_1_219' title='bbox 625 3355 746 3414; x_wconf 88' lang='lat' dir='ltr'>dixerit.</span> <span class='ocrx_word' id='word_1_220' title='bbox 787 3355 837 3414; x_wconf 88' lang='lat' dir='ltr'>Est</span> <span class='ocrx_word' id='word_1_221' title='bbox 857 3355 982 3436; x_wconf 89' lang='lat' dir='ltr'>quidem</span> <span class='ocrx_word' id='word_1_222' title='bbox 1001 3351 1083 3417; x_wconf 85' lang='lat' dir='ltr'>certe</span> <span class='ocrx_word' id='word_1_223' title='bbox 1102 3362 1182 3419; x_wconf 90' lang='lat' dir='ltr'>etin</span> 
     </span>
     <span class='ocr_line' id='line_1_28' title="bbox 110 3459 1182 3547; baseline 0 -23"><span class='ocrx_word' id='word_1_224' title='bbox 110 3464 234 3524; x_wconf 87' lang='lat' dir='ltr'>decimo</span> <span class='ocrx_word' id='word_1_225' title='bbox 254 3464 345 3522; x_wconf 90' lang='lat' dir='ltr'>tertio</span> <span class='ocrx_word' id='word_1_226' title='bbox 360 3462 439 3520; x_wconf 89' lang='lat' dir='ltr'>libro</span> <span class='ocrx_word' id='word_1_227' title='bbox 458 3481 520 3520; x_wconf 87' lang='lat' dir='ltr'>una</span> <span class='ocrx_word' id='word_1_228' title='bbox 541 3479 620 3541; x_wconf 87' lang='lat' dir='ltr'>quae</span> <span class='ocrx_word' id='word_1_229' title='bbox 636 3479 653 3518; x_wconf 91' lang='lat' dir='ltr'>a</span> <span class='ocrx_word' id='word_1_230' title='bbox 668 3459 819 3538; x_wconf 86' lang='lat' dir='ltr'>porticula</span> <span class='ocrx_word' id='word_1_231' title='bbox 837 3461 933 3535; x_wconf 83' lang='lat' dir='ltr'>Quid</span> <span class='ocrx_word' id='word_1_232' title='bbox 951 3463 1076 3547; x_wconf 79' lang='lat' dir='ltr'>incipit,</span> <span class='ocrx_word' id='word_1_233' title='bbox 1102 3465 1182 3524; x_wconf 89' lang='lat' dir='ltr'>sicut</span> 
     </span>
     <span class='ocr_line' id='line_1_29' title="bbox 108 3564 1181 3646; baseline 0.001 -18"><span class='ocrx_word' id='word_1_234' title='bbox 108 3579 218 3628; x_wconf 82' lang='lat' dir='ltr'>octava</span> <span class='ocrx_word' id='word_1_235' title='bbox 238 3567 310 3626; x_wconf 87' lang='lat' dir='ltr'>libri</span> <span class='ocrx_word' id='word_1_236' title='bbox 331 3565 456 3624; x_wconf 87' lang='lat' dir='ltr'>secundi</span> <span class='ocrx_word' id='word_1_237' title='bbox 476 3564 516 3643; x_wconf 81' lang='lat' dir='ltr'>[h.</span> <span class='ocrx_word' id='word_1_238' title='bbox 534 3564 592 3624; x_wconf 85' lang='lat' dir='ltr'>Ed.</span> <span class='ocrx_word' id='word_1_239' title='bbox 608 3565 660 3644; x_wconf 85' lang='lat' dir='ltr'>Ep.</span> <span class='ocrx_word' id='word_1_240' title='bbox 682 3565 762 3646; x_wconf 87' lang='lat' dir='ltr'>lv.],</span> <span class='ocrx_word' id='word_1_241' title='bbox 783 3564 836 3624; x_wconf 89' lang='lat' dir='ltr'>sed</span> <span class='ocrx_word' id='word_1_242' title='bbox 858 3567 900 3625; x_wconf 87' lang='lat' dir='ltr'>ita</span> <span class='ocrx_word' id='word_1_243' title='bbox 920 3575 955 3626; x_wconf 89' lang='lat' dir='ltr'>ut</span> <span class='ocrx_word' id='word_1_244' title='bbox 975 3587 1035 3626; x_wconf 89' lang='lat' dir='ltr'>non</span> <span class='ocrx_word' id='word_1_245' title='bbox 1055 3568 1181 3630; x_wconf 89' lang='lat' dir='ltr'>eandem</span> 
     </span>
     <span class='ocr_line' id='line_1_30' title="bbox 108 3649 1182 3751; baseline -0.002 -17"><span class='ocrx_word' id='word_1_246' title='bbox 108 3677 177 3734; x_wconf 80' lang='lat' dir='ltr'>vim</span> <span class='ocrx_word' id='word_1_247' title='bbox 194 3671 359 3751; x_wconf 89' lang='lat' dir='ltr'>utrobique</span> <span class='ocrx_word' id='word_1_248' title='bbox 379 3667 432 3728; x_wconf 91' lang='lat' dir='ltr'>illa</span> <span class='ocrx_word' id='word_1_249' title='bbox 453 3649 602 3749; x_wconf 86' lang='lat' dir='ltr'>particula</span> <span class='ocrx_word' id='word_1_250' title='bbox 622 3669 742 3731; x_wconf 89' lang='lat' dir='ltr'>habeat.</span> <span class='ocrx_word' id='word_1_251' title='bbox 783 3671 857 3729; x_wconf 86' lang='lat' dir='ltr'>Nam</span> <span class='ocrx_word' id='word_1_252' title='bbox 875 3673 906 3729; x_wconf 91' lang='lat' dir='ltr'>in</span> <span class='ocrx_word' id='word_1_253' title='bbox 929 3673 1081 3750; x_wconf 89' lang='lat' dir='ltr'>principio</span> <span class='ocrx_word' id='word_1_254' title='bbox 1097 3673 1182 3732; x_wconf 89' lang='lat' dir='ltr'>illius</span> 
     </span>
     <span class='ocr_line' id='line_1_31' title="bbox 108 3773 1182 3860; baseline -0.001 -23"><span class='ocrx_word' id='word_1_255' title='bbox 108 3797 207 3860; x_wconf 90' lang='lat' dir='ltr'>quam</span> <span class='ocrx_word' id='word_1_256' title='bbox 227 3776 319 3836; x_wconf 84' lang='lat' dir='ltr'>habet</span> <span class='ocrx_word' id='word_1_257' title='bbox 339 3775 417 3834; x_wconf 85' lang='lat' dir='ltr'>liber</span> <span class='ocrx_word' id='word_1_258' title='bbox 434 3774 504 3833; x_wconf 84' lang='lat' dir='ltr'>XIII</span> <span class='ocrx_word' id='word_1_259' title='bbox 523 3773 586 3852; x_wconf 82' lang='lat' dir='ltr'>[Ep.</span> <span class='ocrx_word' id='word_1_260' title='bbox 607 3773 686 3854; x_wconf 82' lang='lat'><strong>47.]‚</strong></span> <span class='ocrx_word' id='word_1_261' title='bbox 707 3774 837 3852; x_wconf 87' lang='lat' dir='ltr'>legimus</span> <span class='ocrx_word' id='word_1_262' title='bbox 859 3773 939 3856; x_wconf 81' lang='lat' dir='ltr'>Quid</span> <span class='ocrx_word' id='word_1_263' title='bbox 956 3796 1009 3857; x_wconf 88' lang='lat' dir='ltr'>ego</span> <span class='ocrx_word' id='word_1_264' title='bbox 1029 3777 1087 3834; x_wconf 84' lang='lat' dir='ltr'>tibi</span> <span class='ocrx_word' id='word_1_265' title='bbox 1108 3798 1182 3836; x_wconf 86' lang='lat' dir='ltr'>com·</span> 
     </span>
     <span class='ocr_line' id='line_1_32' title="bbox 107 3876 1177 3959; baseline 0 -17"><span class='ocrx_word' id='word_1_266' title='bbox 107 3882 245 3943; x_wconf 74' lang='lat' dir='ltr'>mendam</span> <span class='ocrx_word' id='word_1_267' title='bbox 262 3901 344 3954; x_wconf 84' lang='lat' dir='ltr'>oum,</span> <span class='ocrx_word' id='word_1_268' title='bbox 363 3899 447 3959; x_wconf 81' lang='lat' dir='ltr'>qoem</span> <span class='ocrx_word' id='word_1_269' title='bbox 465 3889 497 3936; x_wconf 82' lang='lat' dir='ltr'>to</span> <span class='ocrx_word' id='word_1_270' title='bbox 514 3879 576 3957; x_wconf 82' lang='lat' dir='ltr'>ipse</span> <span class='ocrx_word' id='word_1_271' title='bbox 594 3876 722 3957; x_wconf 81' lang='lat' dir='ltr'>diligis?</span> <span class='ocrx_word' id='word_1_272' title='bbox 743 3876 789 3937; x_wconf 79' lang='lat' dir='ltr'>Ab</span> <span class='ocrx_word' id='word_1_273' title='bbox 802 3881 1036 3958; x_wconf 88' lang='lat' dir='ltr'>interrogatione</span> <span class='ocrx_word' id='word_1_274' title='bbox 1052 3884 1177 3943; x_wconf 89' lang='lat' dir='ltr'>initium</span> 
     </span>
     <span class='ocr_line' id='line_1_33' title="bbox 107 3981 1180 4066; baseline 0 -18"><span class='ocrx_word' id='word_1_275' title='bbox 107 3989 206 4048; x_wconf 87' lang='lat' dir='ltr'>habet</span> <span class='ocrx_word' id='word_1_276' title='bbox 226 3998 255 4046; x_wconf 92' lang='lat' dir='ltr'>et</span> <span class='ocrx_word' id='word_1_277' title='bbox 272 3985 436 4046; x_wconf 85' lang='lat' dir='ltr'>undecima¹</span> <span class='ocrx_word' id='word_1_278' title='bbox 454 3985 527 4044; x_wconf 90' lang='lat' dir='ltr'>libri</span> <span class='ocrx_word' id='word_1_279' title='bbox 547 3981 673 4043; x_wconf 88' lang='lat' dir='ltr'>secundi</span> <span class='ocrx_word' id='word_1_280' title='bbox 695 3981 736 4061; x_wconf 80' lang='lat' dir='ltr'>[b.</span> <span class='ocrx_word' id='word_1_281' title='bbox 754 3981 812 4041; x_wconf 84' lang='lat' dir='ltr'>Ed.</span> <span class='ocrx_word' id='word_1_282' title='bbox 833 3983 884 4062; x_wconf 92' lang='lat' dir='ltr'>Ep.</span> <span class='ocrx_word' id='word_1_283' title='bbox 906 3985 996 4066; x_wconf 83' lang='lat' dir='ltr'><strong>XV.]‚</strong></span> <span class='ocrx_word' id='word_1_284' title='bbox 1015 3986 1180 4048; x_wconf 70' lang='lat' dir='ltr'>Putarem</span> 
     </span>
     <span class='ocr_line' id='line_1_34' title="bbox 106 4086 1175 4172; baseline 0.001 -20"><span class='ocrx_word' id='word_1_285' title='bbox 106 4111 244 4172; x_wconf 77' lang='lat' dir='ltr'>unquam</span> <span class='ocrx_word' id='word_1_286' title='bbox 253 4091 387 4150; x_wconf 82' lang='lat' dir='ltr'>occidere</span> <span class='ocrx_word' id='word_1_287' title='bbox 394 4109 478 4169; x_wconf 83' lang='lat' dir='ltr'>posse</span> <span class='ocrx_word' id='word_1_288' title='bbox 488 4097 523 4147; x_wconf 80' lang='lat' dir='ltr'>ut</span> <span class='ocrx_word' id='word_1_289' title='bbox 532 4088 607 4146; x_wconf 65' lang='lat' dir='ltr'>initi</span> <span class='ocrx_word' id='word_1_290' title='bbox 618 4087 705 4145; x_wconf 83' lang='lat' dir='ltr'>verbo</span> <span class='ocrx_word' id='word_1_291' title='bbox 716 4086 864 4145; x_wconf 79' lang='lat' dir='ltr'>deessent?</span> <span class='ocrx_word' id='word_1_292' title='bbox 890 4087 1063 4164; x_wconf 75' lang='lat' dir='ltr'>Videndum</span> <span class='ocrx_word' id='word_1_293' title='bbox 1073 4102 1175 4153; x_wconf 87' lang='lat' dir='ltr'>autem</span> 
     </span>
     <span class='ocr_line' id='line_1_35' title="bbox 104 4192 1176 4276; baseline -0.002 -17"><span class='ocrx_word' id='word_1_294' title='bbox 104 4219 148 4260; x_wconf 90' lang='lat' dir='ltr'>an</span> <span class='ocrx_word' id='word_1_295' title='bbox 171 4197 210 4256; x_wconf 88' lang='lat' dir='ltr'>do</span> <span class='ocrx_word' id='word_1_296' title='bbox 223 4197 270 4256; x_wconf 91' lang='lat' dir='ltr'>his</span> <span class='ocrx_word' id='word_1_297' title='bbox 286 4194 503 4276; x_wconf 87' lang='lat' dir='ltr'>posterioribus</span> <span class='ocrx_word' id='word_1_298' title='bbox 521 4193 602 4253; x_wconf 89' lang='lat' dir='ltr'>idem</span> <span class='ocrx_word' id='word_1_299' title='bbox 609 4192 693 4273; x_wconf 89' lang='lat' dir='ltr'>quod</span> <span class='ocrx_word' id='word_1_300' title='bbox 702 4193 741 4252; x_wconf 89' lang='lat' dir='ltr'>de</span> <span class='ocrx_word' id='word_1_301' title='bbox 751 4193 904 4272; x_wconf 87' lang='lat' dir='ltr'>prioribus</span> <span class='ocrx_word' id='word_1_302' title='bbox 915 4193 978 4254; x_wconf 90' lang='lat' dir='ltr'>illis</span> <span class='ocrx_word' id='word_1_303' title='bbox 988 4195 1051 4255; x_wconf 88' lang='lat' dir='ltr'>dici</span> <span class='ocrx_word' id='word_1_304' title='bbox 1067 4200 1176 4276; x_wconf 81' lang='lat' dir='ltr'>possit,</span> 
     </span>
     <span class='ocr_line' id='line_1_36' title="bbox 106 4297 1180 4384; baseline -0.002 -20"><span class='ocrx_word' id='word_1_305' title='bbox 106 4305 286 4365; x_wconf 82' lang='lat' dir='ltr'>Ciceronem</span> <span class='ocrx_word' id='word_1_306' title='bbox 296 4323 332 4363; x_wconf 88' lang='lat' dir='ltr'>ex</span> <span class='ocrx_word' id='word_1_307' title='bbox 340 4303 469 4382; x_wconf 88' lang='lat' dir='ltr'>abrupto</span> <span class='ocrx_word' id='word_1_308' title='bbox 479 4301 610 4360; x_wconf 84' lang='lat' dir='ltr'>exordiri</span> <span class='ocrx_word' id='word_1_309' title='bbox 621 4297 677 4380; x_wconf 86' lang='lat' dir='ltr'>(ita</span> <span class='ocrx_word' id='word_1_310' title='bbox 687 4303 769 4360; x_wconf 89' lang='lat' dir='ltr'>enim</span> <span class='ocrx_word' id='word_1_311' title='bbox 780 4299 873 4378; x_wconf 86' lang='lat' dir='ltr'>vulgo</span> <span class='ocrx_word' id='word_1_312' title='bbox 885 4301 972 4379; x_wconf 92' lang='lat' dir='ltr'>loqui</span> <span class='ocrx_word' id='word_1_313' title='bbox 980 4299 1090 4383; x_wconf 90' lang='lat' dir='ltr'>solent)</span> <span class='ocrx_word' id='word_1_314' title='bbox 1099 4304 1180 4384; x_wconf 78' lang='lat' dir='ltr'>sicut</span> 
     </span>
     <span class='ocr_line' id='line_1_37' title="bbox 104 4406 1179 4489; baseline -0.004 -17"><span class='ocrx_word' id='word_1_315' title='bbox 104 4409 246 4474; x_wconf 77' lang='lat' dir='ltr'>Coelium</span> <span class='ocrx_word' id='word_1_316' title='bbox 263 4411 294 4470; x_wconf 91' lang='lat' dir='ltr'>in</span> <span class='ocrx_word' id='word_1_317' title='bbox 307 4419 439 4489; x_wconf 89' lang='lat' dir='ltr'>quatuor</span> <span class='ocrx_word' id='word_1_318' title='bbox 449 4407 520 4468; x_wconf 86' lang='lat' dir='ltr'>libri</span> <span class='ocrx_word' id='word_1_319' title='bbox 536 4407 583 4467; x_wconf 93' lang='lat' dir='ltr'>sui</span> <span class='ocrx_word' id='word_1_320' title='bbox 602 4407 736 4486; x_wconf 87' lang='lat' dir='ltr'>epistolis</span> <span class='ocrx_word' id='word_1_321' title='bbox 748 4406 780 4467; x_wconf 91' lang='lat' dir='ltr'>id</span> <span class='ocrx_word' id='word_1_322' title='bbox 790 4406 904 4487; x_wconf 81' lang='lat' dir='ltr'>facere,</span> <span class='ocrx_word' id='word_1_323' title='bbox 921 4406 1025 4468; x_wconf 84' lang='lat' dir='ltr'>eodem</span> <span class='ocrx_word' id='word_1_324' title='bbox 1036 4406 1179 4468; x_wconf 88' lang='lat' dir='ltr'>mododi·</span> 
     </span>
    </p>
   </div>
   <div class='ocr_carea' id='block_1_8' title="bbox 0 0 1494 5186">
    <p class='ocr_par' dir='ltr' id='par_1_8' title="bbox 0 0 1494 5186">
     <span class='ocr_line' id='line_1_38' title="bbox 0 0 1494 5186; baseline 0 5"><span class='ocrx_word' id='word_1_325' title='bbox 0 0 1494 5186; x_wconf 95' lang='lat' dir='ltr'> </span> 
     </span>
    </p>
   </div>
  </div>
 </body>
</html>
