3034 5166
631 385 672 447 95

109 593 139 655 5.
160 589 185 640 2.
208 588 339 658 paludati]
367 615 383 628 -
403 589 529 658 ptuudcti
553 617 587 630 -
613 589 639 653 5.
664 591 689 640 3.
715 591 819 644 Cassius
843 593 963 660 reuersi]
989 619 1005 632 -
1029 594 1129 644 cassius
1142 609 1190 644 ue-

22 729 25 736 ,
109 683 169 732 utar
191 707 226 724 -ι
251 680 431 746 renunciasse]
458 707 474 718 -
492 679 669 730 renunciasset
685 709 719 721 —-
733 681 804 749 quod
820 683 927 734 referret
938 684 1020 747 scire,
1038 684 1188 751 reticuisse]

110 799 126 812 -
144 771 216 838 quod
237 771 384 840 referretur
406 771 485 819 sciret
502 769 647 820 reticuisset
667 797 702 809 -
724 769 751 833 5.
776 771 802 821 l.
825 781 868 821 aut
892 773 957 839 quin
974 771 1016 839 id]
1040 800 1057 811 -
1075 774 1124 821 cut
1138 785 1192 839 quc

27 900 33 908 .
112 864 187 930 (cum
215 860 278 927 liu.)
313 860 385 925 quod
414 887 447 897 -
473 859 567 927 agunt]
595 889 611 898 ·
634 861 713 911 aiunt
734 889 769 899 -
793 861 819 926 5.
846 862 871 910 5.
898 862 939 911 sin
965 871 1051 911 autern
1075 871 1192 927 autnon

109 953 172 1019 erit]
201 981 217 990 -
241 953 282 1000 siri
314 954 363 1000 aut
396 950 431 998 sit
457 952 506 998 aut
530 964 584 998 non
613 951 664 999 erit
684 973 718 989 -
740 959 784 1000 aut
805 959 862 1000 tum
886 952 948 1018 erit]
981 978 997 990 —
1022 954 1110 1000 cutem
1134 953 1191 1000 tum

109 1043 162 1092 erit
177 1038 320 1091 -Paulus
343 1038 433 1108 porto]
455 1067 471 1076 -
483 1038 593 1105 paullus
611 1055 641 1106 p.
674 1068 690 1077 -
723 1039 750 1104 5.
776 1038 802 1088 e.
826 1039 955 1108 accidere]
984 1070 1001 1080 -
1025 1040 1135 1091 occidere
1157 1069 1191 1078 -

110 1127 192 1180 multa
214 1145 269 1180 esse
294 1129 362 1198 scio]
391 1158 408 1168 -
430 1127 516 1178 multa
539 1129 619 1178 meto
634 1155 669 1166 —-
682 1129 829 1198 vertentur]
852 1158 868 1167 -
885 1134 1051 1181 verterentur
1067 1157 1102 1170 -
1118 1129 1145 1197 5.
1161 1128 1187 1180 ⁷.

110 1217 178 1270 illud
199 1220 282 1286 certe]
302 1219 398 1269 -illuc
421 1223 489 1268 certe
505 1243 540 1258 ·-·
554 1219 608 1268 mei
625 1219 719 1286 cilicii]
739 1247 755 1258 -
773 1235 812 1270 me
826 1219 911 1284 officii.

142 1421 300 1492 Epistola
321 1419 379 1472 XII.
406 1421 434 1487 5.
458 1421 483 1471 1.
507 1420 589 1472 llarco
613 1419 706 1489 Fabio]
733 1449 749 1460 -
772 1423 869 1472 omittit
892 1421 995 1472 Murco.

140 1597 302 1667 Epistola
323 1597 392 1650 XIII.
416 1599 443 1663 5.
466 1598 491 1647 1.
516 1599 583 1665 quin
599 1597 741 1667 perlatum]
762 1599 858 1664 -quid
867 1617 898 1667 p.
913 1599 1027 1650 -iecto
1040 1600 1150 1668 retudit]
1171 1629 1187 1640 -

99 1690 195 1755 factor
212 1687 289 1738 etulit
308 1715 343 1727 -
364 1705 444 1756 quam
468 1686 548 1756 reiis]
575 1718 591 1727 -
613 1704 694 1751 quum
715 1689 790 1738 velim
806 1717 841 1729 -
862 1706 890 1740 re
914 1690 995 1758 esset]
1017 1706 1091 1741 -res
1113 1708 1136 1746 e.
1153 1720 1187 1730 -

105 1777 230 1844 candide]
253 1806 269 1816 -
287 1777 392 1827 candidi
405 1807 440 1818 -
455 1796 522 1828 uxor
538 1796 552 1827 a
569 1775 715 1844 Dolabella]
735 1808 752 1817 -
766 1779 963 1830 urorecdcbellu
981 1779 1042 1848 (sic)
1063 1808 1098 1822 -
1115 1779 1141 1847 5.
1159 1781 1185 1831 2.

104 1885 183 1936 porro
205 1865 362 1933 significatio
386 1864 439 1916 ulls
463 1868 485 1916 si
504 1866 691 1932 intercesserit]
719 1895 735 1904 -
752 1881 837 1932 porro
852 1867 1010 1932 significatio
1028 1868 1085 1918 ulla
1098 1870 1185 1918 inter-

103 1959 180 2007 cessit
202 1958 409 2024 -praesertim
430 1957 452 2006 is
473 1956 521 2022 sit]
551 1972 624 2023 -pr.
651 1957 729 2006 tussit
751 1983 786 1994 —
812 1957 839 2021 5.
860 1955 885 2004 3.
911 1954 1055 2006 etherculs
1071 1957 1186 2006 coniecta

105 2046 193 2096 omnia
210 2044 298 2113 foeda]
321 2075 337 2085 -
354 2051 381 2095 et
404 2046 519 2096 hercules
542 2049 680 2111 consaepta
696 2046 785 2095 omniu
793 2045 891 2109 soderu
905 2072 939 2084 —-
951 2045 1064 2112 iaceant]
1086 2046 1185 2095 -icci-

105 2138 154 2185 ant
180 2161 215 2174 ·-
233 2133 384 2202 calfaciunt]
412 2162 428 2171 -
454 2135 588 2201 calficiurrt
609 2163 644 2172 -
667 2151 714 2184 nos
733 2134 776 2184 hio
804 2133 914 2201 frigore]
935 2163 951 2172 -
967 2150 1015 2185 nos
1031 2133 1136 2198 nitriis.
1153 2164 1186 2174 -

105 2224 132 2290 5.
146 2223 172 2275 1.
189 2222 268 2292 celet]
285 2224 401 2274 -calent
418 2252 453 2263 -
471 2225 498 2289 5.
513 2225 539 2274 5.
557 2223 691 2292 opinioni]
712 2252 727 2261 -
740 2223 867 2290 opinione.

136 2403 300 2474 llpistolu
321 2405 391 2456 xlv,
415 2406 441 2472 5.
467 2404 492 2453 2.
516 2403 664 2456 adolescens
687 2400 822 2455 Orestillae
845 2401 943 2471 liliam]
965 2432 982 2443 -
1000 2403 1184 2457 adolescentior

102 2498 141 2544 est
156 2494 218 2544 illue
236 2495 328 2560 filium
352 2521 386 2537 ν-
404 2492 525 2561 Servius]
553 2523 569 2533 -
593 2493 677 2544 sevius
691 2522 725 2534 —
742 2510 854 2560 quaeres
871 2492 940 2543 ubi?
956 2492 1003 2544 ubi
1014 2492 1147 2562 hercules]
1169 2523 1184 2533 -

101 2599 213 2648 quaeres
229 2583 275 2633 udi
291 2585 316 2634 tr.
334 2613 367 2623 -
384 2582 520 2650 relinquo]
543 2611 558 2620 -
578 2581 670 2632 relius.
740 2641 743 2648 Ι

134 2762 294 2832 llpistola
318 2763 376 2815 XV.
409 2763 535 2815 s.11.tt.
557 2762 669 2831 Carrio]
690 2790 706 2802 ω
724 2763 835 2813 sulutem
848 2763 912 2812 dicit
929 2780 1008 2813 m...
1026 2764 1132 2813 ce..lio
1148 2792 1183 2803 -

101 2855 128 2919 5.
155 2854 180 2903 1.
214 2853 348 2920 deessent]
378 2884 394 2892 -
416 2854 516 2904 desseret
541 2869 668 2922 superscr.
692 2869 713 2902 e.
746 2880 781 2894 -
804 2851 933 2919 solicitus]
962 2881 978 2890 -
1002 2851 1127 2900 sollicitus
1148 2878 1183 2892 —-

98 2940 255 2993 incredibile
286 2942 419 3010 meorum]
454 2971 469 2981 -
499 2943 645 2994 incredibile
676 2958 764 2992 eorum
798 2956 924 3008 superscr.
953 2956 988 2989 m.
1017 2965 1051 2977 -
1081 2948 1183 2989 utnon

98 3035 167 3101 um]
197 3064 212 3073 -
237 3039 268 3084 ut
295 3052 348 3086 non
371 3036 425 3085 ium
445 3063 479 3073 -
509 3034 536 3098 5.
563 3035 588 3087 2.
614 3033 736 3084 mandatu
762 3049 822 3083 meo
845 3028 997 3100 diligenter]
1028 3059 1043 3067 -
1067 3029 1182 3079 meudu-

98 3129 156 3174 tum
180 3139 208 3173 eo
235 3124 352 3188 diligiter
375 3142 500 3194 superscr.
525 3142 573 3190 ere,
604 3135 633 3176 ut
656 3125 703 3174 sit:
729 3109 877 3186 diligenter.
898 3149 932 3159 -
957 3129 982 3169 et
1010 3135 1070 3182 eus,
1098 3117 1179 3186 quse]

99 3243 114 3252 -
135 3217 161 3264 et
180 3227 212 3264 ec
233 3229 300 3281 quae
321 3230 447 3284 superscr.
471 3231 491 3264 s.
516 3241 550 3254 —-
573 3211 737 3279 mehercule]
764 3240 779 3251 -
800 3210 910 3261 mercule
927 3236 961 3250 ·—
977 3210 1032 3275 ipse
1048 3205 1103 3258 dies
1119 3206 1178 3275 me]

98 3333 113 3342 -
132 3305 186 3372 ipse
203 3320 229 3354 es
246 3321 285 3355 me
300 3321 428 3372 superscr.
444 3305 473 3354 di
482 3341 489 3367 ,
509 3314 538 3354 ut
554 3305 602 3354 sit:
622 3303 682 3353 dies.

131 3481 289 3548 Epistola
312 3481 381 3533 XVI.
416 3481 445 3533 S.
470 3481 502 3532 Ι).
526 3480 559 3532 ll.
578 3480 689 3547 Cerito]
710 3508 725 3518 -
743 3478 854 3528 satutem
870 3475 933 3526 dicit
949 3492 1031 3526 m...
1049 3487 1110 3522 ce..
1128 3472 1181 3532 lio,·

98 3580 124 3620 et
150 3570 187 3620 sic
211 3569 335 3638 deinceps
358 3572 386 3619 in
410 3587 484 3639 seqq.
509 3569 577 3638 lipp.
602 3594 637 3610 -ι
661 3569 687 3633 5.
714 3568 739 3617 2.
762 3576 790 3616 ut
813 3563 970 3615 simultatem
994 3561 1178 3632 deposuimus]

97 3689 113 3698 -
139 3662 172 3709 ut
196 3660 356 3710 simultatem
451 3660 481 3709 de
569 3659 708 3726 posuimus
731 3657 767 3706 sio
793 3672 854 3706 cum
876 3655 981 3705 rasuris.
997 3682 1032 3691 —
1047 3652 1179 3716 defuisse,

96 3761 125 3798 tu
157 3766 184 3799 es
211 3748 298 3816 testis]
334 3779 350 3788 ·
382 3748 506 3813 defuisset
535 3749 653 3798 vestestis
688 3747 713 3813 (u
744 3763 794 3796 sec.
826 3761 863 3794 m.
888 3753 956 3795 recte
985 3743 1180 3810 distinguuntur

96 3838 152 3903 rr.)
179 3866 214 3877 -
238 3839 363 3906 quoniam
385 3841 493 3900 κωμικὸς
517 3838 630 3908 μάρτυς]
657 3867 672 3876 -
696 3837 822 3903 quoniam
838 3834 946 3884 comicos
963 3831 1136 3883 ΜΑΡΠΣ
1148 3859 1182 3872 -

96 3925 209 3994 Phania]
237 3955 253 3965 -
269 3927 372 3994 plionia
393 3945 519 3998 superscr.
546 3945 582 3987 n‚·
599 3937 627 3978 ut
643 3927 692 3977 sit:
709 3925 837 3993 planctu.
864 3947 898 3962 —-
921 3923 947 3987 5.
968 3921 993 3970 3.
1016 3920 1086 3989 quod
1109 3937 1180 3971 non·

95 4013 164 4065 nihil
193 4017 390 4086 significabant]
427 4049 442 4058 -
468 4018 539 4083 quod
560 4018 634 4068 nihil
666 4015 863 4082 significabunt:
895 4029 973 4080 super
996 4027 1022 4062 r.
1045 4009 1112 4061 nihii
1132 4011 1181 4061 tris

94 4116 207 4173 puncta,
235 4116 261 4156 ct
285 4109 312 4156 in
336 4125 417 4175 marg.
444 4110 523 4171 milri,
552 4118 580 4158 ut
604 4109 650 4157 sit:
677 4105 749 4172 quod
772 4103 837 4153 milii
861 4101 936 4151 nihil.
959 4125 993 4138 --
1015 4099 1047 4149 ab
1069 4117 1100 4150 eo
1122 4100 1180 4150 dis-

94 4194 214 4263 crepare]
245 4226 261 4235 -
285 4195 318 4246 ab
341 4213 368 4248 eo
401 4199 534 4265 increpare
562 4213 687 4265 superscr.
713 4195 761 4245 dis.
783 4223 817 4233 --
840 4194 866 4258 5.
890 4193 916 4242 t.
941 4171 1197 4240 veternuscirita·¹

103 4283 141 4350 is]
169 4314 185 4323 -
207 4287 346 4336 veteranus
369 4303 390 4336 c.
416 4315 451 4326 -
472 4286 598 4354 laetabar]
628 4315 643 4324 -
665 4284 782 4334 laetabor
805 4313 838 4321 —
868 4282 894 4347 5.
917 4279 943 4329 5.
970 4279 1029 4348 quis
1051 4278 1099 4329 hoc
1122 4293 1176 4344 pu*

93 4375 172 4441 taret]
203 4404 219 4413 -
241 4377 289 4440 qui
312 4377 357 4426 hoc
376 4381 487 4443 putaret
508 4407 542 4420 -—
562 4378 666 4437 rivam,
693 4373 796 4442 putari]
825 4400 839 4410 -
864 4371 927 4420 civo
938 4369 1035 4435 putavi
1053 4395 1087 4406 --
1107 4367 1132 4431 5.
1151 4365 1177 4415 6.
