<?xml version="1.0" encoding="UTF-8"?>
<!DOCTYPE html PUBLIC "-//W3C//DTD XHTML 1.0 Transitional//EN"
    "http://www.w3.org/TR/xhtml1/DTD/xhtml1-transitional.dtd">
<html xmlns="http://www.w3.org/1999/xhtml" xml:lang="en" lang="en">
 <head>
  <title>
</title>
<meta http-equiv="Content-Type" content="text/html;charset=utf-8" />
  <meta name='ocr-system' content='tesseract 3.04.00' />
  <meta name='ocr-capabilities' content='ocr_page ocr_carea ocr_par ocr_line ocrx_word'/>
</head>
<body>
  <div class='ocr_page' id='page_1' title='image "./caeliirufietcic00surigoog_0199.png"; bbox 0 0 2978 5186; ppageno 0'>
   <div class='ocr_carea' id='block_1_1' title="bbox 738 351 829 409">
    <p class='ocr_par' dir='ltr' id='par_1_1' title="bbox 738 351 829 409">
     <span class='ocr_line' id='line_1_1' title="bbox 738 351 829 409; baseline 0.011 -1"><span class='ocrx_word' id='word_1_1' title='bbox 738 362 740 370; x_wconf 81' lang='grc'>’</span> <span class='ocrx_word' id='word_1_2' title='bbox 769 351 829 409; x_wconf 80' lang='grc'>192</span> 
     </span>
    </p>
   </div>
   <div class='ocr_carea' id='block_1_2' title="bbox 296 518 1338 640">
    <p class='ocr_par' dir='ltr' id='par_1_2' title="bbox 296 518 1338 640">
     <span class='ocr_line' id='line_1_2' title="bbox 296 518 1338 640; baseline 0.011 -32"><span class='ocrx_word' id='word_1_3' title='bbox 296 518 366 603; x_wconf 17' lang='lat'>¹-</span> <span class='ocrx_word' id='word_1_4' title='bbox 386 591 445 603; x_wconf 85' lang='lat'>--</span> <span class='ocrx_word' id='word_1_5' title='bbox 492 554 659 629; x_wconf 82' lang='lat' dir='ltr'>Gratulori,</span> <span class='ocrx_word' id='word_1_6' title='bbox 701 555 793 614; x_wconf 74' lang='lat' dir='ltr'>Glaick</span> <span class='ocrx_word' id='word_1_7' title='bbox 823 558 995 632; x_wconf 59' lang='lat' dir='ltr'>manechon,</span> <span class='ocrx_word' id='word_1_8' title='bbox 1024 557 1137 616; x_wconf 70' lang='lat' dir='ltr'>Fraude</span> <span class='ocrx_word' id='word_1_9' title='bbox 1168 559 1338 640; x_wconf 80' lang='lat' dir='ltr'>bezeugerr,</span> 
     </span>
    </p>
   </div>
   <div class='ocr_carea' id='block_1_3' title="bbox 179 660 1345 3366">
    <p class='ocr_par' dir='ltr' id='par_1_3' title="bbox 238 660 1345 1264">
     <span class='ocr_line' id='line_1_3' title="bbox 264 660 1332 742; baseline 0.001 -20"><span class='ocrx_word' id='word_1_10' title='bbox 264 663 342 723; x_wconf 90' lang='lat' dir='ltr'>wird</span> <span class='ocrx_word' id='word_1_11' title='bbox 371 660 546 720; x_wconf 88' lang='lat' dir='ltr'>verbunden</span> <span class='ocrx_word' id='word_1_12' title='bbox 577 662 633 718; x_wconf 91' lang='lat' dir='ltr'>rnit</span> <span class='ocrx_word' id='word_1_13' title='bbox 660 660 756 718; x_wconf 77' lang='lat' dir='ltr'>otiosi</span> <span class='ocrx_word' id='word_1_14' title='bbox 777 662 811 719; x_wconf 82' lang='lat' dir='ltr'>dc</span> <span class='ocrx_word' id='word_1_15' title='bbox 833 662 935 741; x_wconf 78' lang='lat' dir='ltr'>aliquo</span> <span class='ocrx_word' id='word_1_16' title='bbox 955 683 986 720; x_wconf 86' lang='lat' dir='ltr'>re</span> <span class='ocrx_word' id='word_1_17' title='bbox 1006 662 1080 721; x_wconf 90' lang='lat' dir='ltr'>oder</span> <span class='ocrx_word' id='word_1_18' title='bbox 1100 662 1332 742; x_wconf 68' lang='lat' dir='ltr'>clipeatorum,</span> 
     </span>
     <span class='ocr_line' id='line_1_4' title="bbox 264 763 1334 844; baseline 0.001 -16"><span class='ocrx_word' id='word_1_19' title='bbox 264 769 337 828; x_wconf 88' lang='lat' dir='ltr'>oder</span> <span class='ocrx_word' id='word_1_20' title='bbox 373 769 430 826; x_wconf 90' lang='lat' dir='ltr'>mit</span> <span class='ocrx_word' id='word_1_21' title='bbox 471 766 548 844; x_wconf 80' lang='lat' dir='ltr'>qood</span> <span class='ocrx_word' id='word_1_22' title='bbox 578 763 643 825; x_wconf 75' lang='lat' dir='ltr'>und</span> <span class='ocrx_word' id='word_1_23' title='bbox 673 767 742 826; x_wconf 90' lang='lat' dir='ltr'>dem</span> <span class='ocrx_word' id='word_1_24' title='bbox 774 767 871 827; x_wconf 92' lang='lat' dir='ltr'>Indic.</span> <span class='ocrx_word' id='word_1_25' title='bbox 902 799 943 812; x_wconf 89' lang='lat'>—</span> <span class='ocrx_word' id='word_1_26' title='bbox 970 767 1160 827; x_wconf 79' lang='lat' dir='ltr'>Zweilelhalt</span> <span class='ocrx_word' id='word_1_27' title='bbox 1189 769 1262 828; x_wconf 86' lang='lat' dir='ltr'>aber</span> <span class='ocrx_word' id='word_1_28' title='bbox 1292 772 1334 829; x_wconf 85' lang='lat' dir='ltr'>ist</span> 
     </span>
     <span class='ocr_line' id='line_1_5' title="bbox 263 869 1334 951; baseline 0.003 -19"><span class='ocrx_word' id='word_1_29' title='bbox 263 873 317 932; x_wconf 88' lang='lat' dir='ltr'>der</span> <span class='ocrx_word' id='word_1_30' title='bbox 347 872 445 930; x_wconf 89' lang='lat' dir='ltr'>blosse</span> <span class='ocrx_word' id='word_1_31' title='bbox 475 869 599 928; x_wconf 65' lang='lat' dir='ltr'>Ablata)</span> <span class='ocrx_word' id='word_1_32' title='bbox 627 871 706 930; x_wconf 89' lang='lat' dir='ltr'>ohne</span> <span class='ocrx_word' id='word_1_33' title='bbox 743 872 793 944; x_wconf 84' lang='lat' dir='ltr'>de,</span> <span class='ocrx_word' id='word_1_34' title='bbox 826 873 880 932; x_wconf 90' lang='lat' dir='ltr'>der</span> <span class='ocrx_word' id='word_1_35' title='bbox 912 891 970 931; x_wconf 86' lang='lat' dir='ltr'>von</span> <span class='ocrx_word' id='word_1_36' title='bbox 1002 872 1127 950; x_wconf 79' lang='lat' dir='ltr'>llinigen</span> <span class='ocrx_word' id='word_1_37' title='bbox 1157 893 1232 951; x_wconf 81' lang='lat' dir='ltr'>gana</span> <span class='ocrx_word' id='word_1_38' title='bbox 1260 895 1334 935; x_wconf 86' lang='lat' dir='ltr'>ver-</span> 
     </span>
     <span class='ocr_line' id='line_1_6' title="bbox 238 975 1332 1047; baseline 0.001 -10"><span class='ocrx_word' id='word_1_39' title='bbox 238 977 377 1037; x_wconf 86' lang='lat' dir='ltr'>&#39;worfen</span> <span class='ocrx_word' id='word_1_40' title='bbox 412 976 507 1047; x_wconf 85' lang='lat' dir='ltr'>wird,</span> <span class='ocrx_word' id='word_1_41' title='bbox 547 976 649 1035; x_wconf 88' lang='lat' dir='ltr'>indem</span> <span class='ocrx_word' id='word_1_42' title='bbox 689 977 732 1035; x_wconf 91' lang='lat' dir='ltr'>sie</span> <span class='ocrx_word' id='word_1_43' title='bbox 772 976 820 1036; x_wconf 88' lang='lat' dir='ltr'>bei</span> <span class='ocrx_word' id='word_1_44' title='bbox 852 975 913 1036; x_wconf 86' lang='lat' dir='ltr'>Cic.</span> <span class='ocrx_word' id='word_1_45' title='bbox 943 976 1004 1036; x_wconf 80' lang='lat' dir='ltr'>Att.</span> <span class='ocrx_word' id='word_1_46' title='bbox 1036 976 1069 1038; x_wconf 87' lang='lat' dir='ltr'>V.</span> <span class='ocrx_word' id='word_1_47' title='bbox 1095 977 1146 1038; x_wconf 87' lang='lat'>20.</span> <span class='ocrx_word' id='word_1_48' title='bbox 1173 979 1226 1038; x_wconf 74' lang='lat' dir='ltr'>fur</span> <span class='ocrx_word' id='word_1_49' title='bbox 1254 981 1332 1038; x_wconf 83' lang='lat' dir='ltr'>cele-</span> 
     </span>
     <span class='ocr_line' id='line_1_7' title="bbox 263 1081 1336 1166; baseline 0.002 -24"><span class='ocrx_word' id='word_1_50' title='bbox 263 1082 612 1153; x_wconf 80' lang='lat' dir='ltr'>britate-celebritatem,</span> <span class='ocrx_word' id='word_1_51' title='bbox 645 1083 708 1142; x_wconf 90' lang='lat' dir='ltr'>und</span> <span class='ocrx_word' id='word_1_52' title='bbox 738 1083 787 1141; x_wconf 91' lang='lat' dir='ltr'>bei</span> <span class='ocrx_word' id='word_1_53' title='bbox 815 1081 933 1142; x_wconf 86' lang='lat' dir='ltr'>Coelius</span> <span class='ocrx_word' id='word_1_54' title='bbox 961 1081 1034 1162; x_wconf 87' lang='lat' dir='ltr'>(Cic.</span> <span class='ocrx_word' id='word_1_55' title='bbox 1060 1082 1141 1143; x_wconf 84' lang='lat' dir='ltr'>Fam.</span> <span class='ocrx_word' id='word_1_56' title='bbox 1167 1083 1247 1142; x_wconf 81' lang='lat' dir='ltr'>vlu.</span> <span class='ocrx_word' id='word_1_57' title='bbox 1271 1083 1336 1166; x_wconf 81' lang='lat'><strong>13.)</strong></span> 
     </span>
     <span class='ocr_line' id='line_1_8' title="bbox 259 1184 1345 1264; baseline -0.001 -16"><span class='ocrx_word' id='word_1_58' title='bbox 259 1188 313 1248; x_wconf 78' lang='lat' dir='ltr'>fiir</span> <span class='ocrx_word' id='word_1_59' title='bbox 333 1184 685 1264; x_wconf 78' lang='lat' dir='ltr'>affinitate-affinitatem</span> <span class='ocrx_word' id='word_1_60' title='bbox 706 1187 797 1246; x_wconf 89' lang='lat' dir='ltr'>lesen.</span> <span class='ocrx_word' id='word_1_61' title='bbox 1228 1189 1345 1250; x_wconf 78' lang='lat' dir='ltr'>Keras.-</span> 
     </span>
    </p>

    <p class='ocr_par' dir='ltr' id='par_1_4' title="bbox 179 1289 1330 2838">
     <span class='ocr_line' id='line_1_9' title="bbox 299 1289 1326 1374; baseline 0.002 -24"><span class='ocrx_word' id='word_1_62' title='bbox 299 1291 380 1374; x_wconf 60' lang='lat'>§.23</span> <span class='ocrx_word' id='word_1_63' title='bbox 422 1301 462 1349; x_wconf 83' lang='lat' dir='ltr'>ot</span> <span class='ocrx_word' id='word_1_64' title='bbox 490 1291 829 1348; x_wconf 77' lang='lat' dir='ltr'>ratioersetca&#39;us</span> <span class='ocrx_word' id='word_1_65' title='bbox 855 1289 1035 1351; x_wconf 79' lang='lat' dir='ltr'>habendo.</span> <span class='ocrx_word' id='word_1_66' title='bbox 1078 1293 1138 1351; x_wconf 90' lang='lat' dir='ltr'>lloc</span> <span class='ocrx_word' id='word_1_67' title='bbox 1160 1299 1260 1352; x_wconf 88' lang='lat' dir='ltr'>totum</span> <span class='ocrx_word' id='word_1_68' title='bbox 1282 1295 1326 1352; x_wconf 88' lang='lat' dir='ltr'>ita</span> 
     </span>
     <span class='ocr_line' id='line_1_10' title="bbox 258 1396 1330 1476; baseline -0.004 -18"><span class='ocrx_word' id='word_1_69' title='bbox 258 1400 371 1476; x_wconf 78' lang='lat' dir='ltr'>legitur</span> <span class='ocrx_word' id='word_1_70' title='bbox 411 1399 444 1454; x_wconf 93' lang='lat' dir='ltr'>in</span> <span class='ocrx_word' id='word_1_71' title='bbox 482 1397 615 1475; x_wconf 74' lang='lat' dir='ltr'><strong>antiquis</strong></span> <span class='ocrx_word' id='word_1_72' title='bbox 650 1396 757 1454; x_wconf 87' lang='lat' dir='ltr'>libris:</span> <span class='ocrx_word' id='word_1_73' title='bbox 788 1404 822 1452; x_wconf 78' lang='lat' dir='ltr'>ot</span> <span class='ocrx_word' id='word_1_74' title='bbox 849 1396 964 1453; x_wconf 73' lang='lat' dir='ltr'>rosione</span> <span class='ocrx_word' id='word_1_75' title='bbox 995 1397 1059 1454; x_wconf 78' lang='lat' dir='ltr'>cios</span> <span class='ocrx_word' id='word_1_76' title='bbox 1089 1396 1241 1476; x_wconf 76' lang='lat' dir='ltr'>babendo,</span> <span class='ocrx_word' id='word_1_77' title='bbox 1273 1400 1330 1476; x_wconf 82' lang='lat' dir='ltr'>qui</span> 
     </span>
     <span class='ocr_line' id='line_1_11' title="bbox 259 1499 1329 1579; baseline -0.001 -17"><span class='ocrx_word' id='word_1_78' title='bbox 259 1505 434 1578; x_wconf 76' lang='lat' dir='ltr'>coercitam,</span> <span class='ocrx_word' id='word_1_79' title='bbox 464 1519 556 1579; x_wconf 76' lang='lat' dir='ltr'>acque</span> <span class='ocrx_word' id='word_1_80' title='bbox 580 1501 756 1578; x_wconf 80' lang='lat' dir='ltr'>provincias</span> <span class='ocrx_word' id='word_1_81' title='bbox 786 1499 913 1558; x_wconf 81' lang='lat' dir='ltr'>traderet</span> <span class='ocrx_word' id='word_1_82' title='bbox 923 1523 943 1571; x_wconf 61' lang='lat'>,1</span> <span class='ocrx_word' id='word_1_83' title='bbox 968 1499 1051 1578; x_wconf 89' lang='lat' dir='ltr'>quod</span> <span class='ocrx_word' id='word_1_84' title='bbox 1082 1501 1124 1559; x_wconf 87' lang='lat' dir='ltr'>ita</span> <span class='ocrx_word' id='word_1_85' title='bbox 1147 1501 1329 1562; x_wconf 87' lang='lat' dir='ltr'>mendosum</span> 
     </span>
     <span class='ocr_line' id='line_1_12' title="bbox 257 1605 1328 1683; baseline -0.002 -15"><span class='ocrx_word' id='word_1_86' title='bbox 257 1618 316 1681; x_wconf 90' lang='lat' dir='ltr'>est,</span> <span class='ocrx_word' id='word_1_87' title='bbox 356 1617 391 1666; x_wconf 92' lang='lat' dir='ltr'>ut</span> <span class='ocrx_word' id='word_1_88' title='bbox 429 1607 526 1665; x_wconf 91' lang='lat' dir='ltr'>omnis</span> <span class='ocrx_word' id='word_1_89' title='bbox 565 1606 642 1663; x_wconf 89' lang='lat' dir='ltr'>mihi</span> <span class='ocrx_word' id='word_1_90' title='bbox 674 1605 799 1683; x_wconf 89' lang='lat' dir='ltr'>quidem</span> <span class='ocrx_word' id='word_1_91' title='bbox 830 1606 869 1664; x_wconf 88' lang='lat' dir='ltr'>ad</span> <span class='ocrx_word' id='word_1_92' title='bbox 897 1609 1116 1665; x_wconf 78' lang='lat' dir='ltr'>correctionem</span> <span class='ocrx_word' id='word_1_93' title='bbox 1146 1606 1248 1664; x_wconf 88' lang='lat' dir='ltr'>aditus</span> <span class='ocrx_word' id='word_1_94' title='bbox 1277 1609 1328 1666; x_wconf 92' lang='lat' dir='ltr'>iu-</span> 
     </span>
     <span class='ocr_line' id='line_1_13' title="bbox 257 1695 1326 1804; baseline 0 -32"><span class='ocrx_word' id='word_1_95' title='bbox 257 1712 454 1774; x_wconf 90' lang='lat' dir='ltr'>teroludatur.</span> <span class='ocrx_word' id='word_1_96' title='bbox 503 1695 654 1804; x_wconf 67' lang='lat' dir='ltr'>Relinque</span> <span class='ocrx_word' id='word_1_97' title='bbox 691 1725 753 1768; x_wconf 88' lang='lat' dir='ltr'>non</span> <span class='ocrx_word' id='word_1_98' title='bbox 792 1711 924 1784; x_wconf 88' lang='lat' dir='ltr'>invitus,</span> <span class='ocrx_word' id='word_1_99' title='bbox 962 1711 1045 1790; x_wconf 91' lang='lat' dir='ltr'>quod</span> <span class='ocrx_word' id='word_1_100' title='bbox 1081 1711 1134 1768; x_wconf 90' lang='lat' dir='ltr'>alii</span> <span class='ocrx_word' id='word_1_101' title='bbox 1165 1721 1326 1790; x_wconf 84' lang='lat' dir='ltr'>quaerant.</span> 
     </span>
     <span class='ocr_line' id='line_1_14' title="bbox 255 1814 1329 1894; baseline 0 -16"><span class='ocrx_word' id='word_1_102' title='bbox 255 1818 406 1878; x_wconf 81' lang='lat' dir='ltr'>Sententia</span> <span class='ocrx_word' id='word_1_103' title='bbox 434 1815 559 1894; x_wconf 90' lang='lat' dir='ltr'>quidem</span> <span class='ocrx_word' id='word_1_104' title='bbox 588 1815 661 1874; x_wconf 90' lang='lat' dir='ltr'>lraec</span> <span class='ocrx_word' id='word_1_105' title='bbox 688 1814 810 1875; x_wconf 89' lang='lat' dir='ltr'>videtur</span> <span class='ocrx_word' id='word_1_106' title='bbox 837 1833 915 1872; x_wconf 79' lang='lat' dir='ltr'>esse:</span> <span class='ocrx_word' id='word_1_107' title='bbox 957 1815 1148 1874; x_wconf 77' lang='lat' dir='ltr'>Transierant</span> <span class='ocrx_word' id='word_1_108' title='bbox 1168 1815 1329 1878; x_wconf 75' lang='lat' dir='ltr'>Senatores</span> 
     </span>
     <span class='ocr_line' id='line_1_15' title="bbox 255 1919 1326 1996; baseline 0 -15"><span class='ocrx_word' id='word_1_109' title='bbox 255 1925 289 1981; x_wconf 94' lang='lat' dir='ltr'>in</span> <span class='ocrx_word' id='word_1_110' title='bbox 328 1921 387 1995; x_wconf 78' lang='lat' dir='ltr'>alia</span> <span class='ocrx_word' id='word_1_111' title='bbox 426 1921 544 1993; x_wconf 88' lang='lat' dir='ltr'>omnia,</span> <span class='ocrx_word' id='word_1_112' title='bbox 582 1919 615 1977; x_wconf 90' lang='lat' dir='ltr'>id</span> <span class='ocrx_word' id='word_1_113' title='bbox 646 1929 705 1990; x_wconf 84' lang='lat' dir='ltr'>est,</span> <span class='ocrx_word' id='word_1_114' title='bbox 738 1919 938 1996; x_wconf 87' lang='lat' dir='ltr'>probaverant</span> <span class='ocrx_word' id='word_1_115' title='bbox 969 1919 1326 1982; x_wconf 72' lang='lat' dir='ltr'>Curionis=intercessio</span> 
     </span>
     <span class='ocr_line' id='line_1_16' title="bbox 179 2019 1327 2104; baseline 0.001 -18"><span class='ocrx_word' id='word_1_116' title='bbox 179 2019 181 2026; x_wconf 63' lang='grc'>’</span> <span class='ocrx_word' id='word_1_117' title='bbox 254 2047 341 2096; x_wconf 89' lang='lat' dir='ltr'>nem,</span> <span class='ocrx_word' id='word_1_118' title='bbox 370 2025 574 2104; x_wconf 79' lang='lat' dir='ltr'>improbantes</span> <span class='ocrx_word' id='word_1_119' title='bbox 599 2024 633 2082; x_wconf 86' lang='lat' dir='ltr'>lll.</span> <span class='ocrx_word' id='word_1_120' title='bbox 656 2023 789 2082; x_wconf 82' lang='lat' dir='ltr'>Marcelli</span> <span class='ocrx_word' id='word_1_121' title='bbox 809 2024 1007 2100; x_wconf 86' lang='lat' dir='ltr'>sententiam;</span> <span class='ocrx_word' id='word_1_122' title='bbox 1031 2033 1187 2104; x_wconf 88' lang='lat' dir='ltr'>tamquam</span> <span class='ocrx_word' id='word_1_123' title='bbox 1207 2029 1327 2087; x_wconf 89' lang='lat' dir='ltr'>rationo</span> 
     </span>
     <span class='ocr_line' id='line_1_17' title="bbox 254 2128 1329 2210; baseline 0 -18"><span class='ocrx_word' id='word_1_124' title='bbox 254 2133 339 2192; x_wconf 91' lang='lat' dir='ltr'>illius</span> <span class='ocrx_word' id='word_1_125' title='bbox 376 2128 532 2196; x_wconf 75' lang='lat' dir='ltr'>habenda,</span> <span class='ocrx_word' id='word_1_126' title='bbox 574 2131 628 2207; x_wconf 90' lang='lat' dir='ltr'>qui</span> <span class='ocrx_word' id='word_1_127' title='bbox 666 2150 766 2208; x_wconf 90' lang='lat' dir='ltr'>neque</span> <span class='ocrx_word' id='word_1_128' title='bbox 804 2132 987 2204; x_wconf 86' lang='lat' dir='ltr'>exercitum,</span> <span class='ocrx_word' id='word_1_129' title='bbox 1018 2149 1117 2210; x_wconf 87' lang='lat' dir='ltr'>neque</span> <span class='ocrx_word' id='word_1_130' title='bbox 1151 2134 1329 2210; x_wconf 86' lang='lat' dir='ltr'>provincias</span> 
     </span>
     <span class='ocr_line' id='line_1_18' title="bbox 253 2234 1325 2312; baseline 0.002 -15"><span class='ocrx_word' id='word_1_131' title='bbox 253 2237 394 2297; x_wconf 83' lang='lat' dir='ltr'>traderet.</span> <span class='ocrx_word' id='word_1_132' title='bbox 442 2235 521 2305; x_wconf 86' lang='lat' dir='ltr'>Hoc,</span> <span class='ocrx_word' id='word_1_133' title='bbox 559 2244 594 2291; x_wconf 98' lang='grc' dir='ltr'>ιιι</span> <span class='ocrx_word' id='word_1_134' title='bbox 633 2234 713 2308; x_wconf 81' lang='lat' dir='ltr'>dixi,</span> <span class='ocrx_word' id='word_1_135' title='bbox 751 2235 882 2293; x_wconf 85' lang='lat' dir='ltr'>arbitror</span> <span class='ocrx_word' id='word_1_136' title='bbox 910 2234 1089 2312; x_wconf 85' lang='lat' dir='ltr'>significari:</span> <span class='ocrx_word' id='word_1_137' title='bbox 1123 2237 1178 2294; x_wconf 89' lang='lat' dir='ltr'>sed</span> <span class='ocrx_word' id='word_1_138' title='bbox 1204 2238 1325 2298; x_wconf 80' lang='lat' dir='ltr'>&#39;addere</span> 
     </span>
     <span class='ocr_line' id='line_1_19' title="bbox 252 2339 1325 2418; baseline 0 -16"><span class='ocrx_word' id='word_1_139' title='bbox 252 2342 381 2402; x_wconf 85' lang='lat' dir='ltr'>verbnm</span> <span class='ocrx_word' id='word_1_140' title='bbox 418 2358 509 2416; x_wconf 80' lang='lat' dir='ltr'>oeque</span> <span class='ocrx_word' id='word_1_141' title='bbox 545 2347 650 2397; x_wconf 87' lang='lat' dir='ltr'>contra</span> <span class='ocrx_word' id='word_1_142' title='bbox 681 2347 796 2397; x_wconf 81' lang='lat' dir='ltr'>veteres</span> <span class='ocrx_word' id='word_1_143' title='bbox 827 2339 922 2397; x_wconf 90' lang='lat' dir='ltr'>libros</span> <span class='ocrx_word' id='word_1_144' title='bbox 952 2359 1014 2397; x_wconf 90' lang='lat' dir='ltr'>non</span> <span class='ocrx_word' id='word_1_145' title='bbox 1045 2340 1158 2399; x_wconf 84' lang='lat' dir='ltr'>audeo:</span> <span class='ocrx_word' id='word_1_146' title='bbox 1189 2343 1250 2401; x_wconf 89' lang='lat' dir='ltr'>nisi</span> <span class='ocrx_word' id='word_1_147' title='bbox 1281 2345 1325 2418; x_wconf 87' lang='lat' dir='ltr'>si,</span> 
     </span>
     <span class='ocr_line' id='line_1_20' title="bbox 252 2443 1323 2525; baseline -0.001 -17"><span class='ocrx_word' id='word_1_148' title='bbox 252 2458 287 2508; x_wconf 92' lang='lat' dir='ltr'>ut</span> <span class='ocrx_word' id='word_1_149' title='bbox 307 2456 363 2506; x_wconf 66' lang='lat' dir='ltr'>‘est</span> <span class='ocrx_word' id='word_1_150' title='bbox 390 2445 515 2502; x_wconf 88' lang='lat' dir='ltr'>omnino</span> <span class='ocrx_word' id='word_1_151' title='bbox 544 2463 630 2522; x_wconf 88' lang='lat' dir='ltr'>asper</span> <span class='ocrx_word' id='word_1_152' title='bbox 661 2443 817 2524; x_wconf 87' lang='lat' dir='ltr'>durusque</span> <span class='ocrx_word' id='word_1_153' title='bbox 843 2443 937 2504; x_wconf 88' lang='lat' dir='ltr'>Coelii</span> <span class='ocrx_word' id='word_1_154' title='bbox 965 2464 1079 2520; x_wconf 83' lang='lat' dir='ltr'>sermo,</span> <span class='ocrx_word' id='word_1_155' title='bbox 1108 2447 1257 2525; x_wconf 88' lang='lat' dir='ltr'>scriptum</span> <span class='ocrx_word' id='word_1_156' title='bbox 1283 2449 1323 2507; x_wconf 90' lang='lat' dir='ltr'>ab</span> 
     </span>
     <span class='ocr_line' id='line_1_21' title="bbox 252 2547 1316 2631; baseline -0.001 -18"><span class='ocrx_word' id='word_1_157' title='bbox 252 2573 287 2613; x_wconf 88' lang='lat' dir='ltr'>eo</span> <span class='ocrx_word' id='word_1_158' title='bbox 317 2560 458 2631; x_wconf 89' lang='lat' dir='ltr'>putemus</span> <span class='ocrx_word' id='word_1_159' title='bbox 484 2547 538 2626; x_wconf 78' lang='lat' dir='ltr'>qui</span> <span class='ocrx_word' id='word_1_160' title='bbox 568 2552 748 2620; x_wconf 70' lang='lat' dir='ltr'>mercatum,</span> <span class='ocrx_word' id='word_1_161' title='bbox 779 2569 871 2628; x_wconf 81' lang='lat' dir='ltr'>oeque</span> <span class='ocrx_word' id='word_1_162' title='bbox 883 2552 1059 2629; x_wconf 77' lang='lat' dir='ltr'>provincias</span> <span class='ocrx_word' id='word_1_163' title='bbox 1078 2551 1222 2627; x_wconf 81' lang='lat' dir='ltr'>traderet,</span> <span class='ocrx_word' id='word_1_164' title='bbox 1241 2572 1316 2631; x_wconf 89' lang='lat' dir='ltr'>pro:</span> 
     </span>
     <span class='ocr_line' id='line_1_22' title="bbox 183 2656 1325 2740; baseline -0.002 -22"><span class='ocrx_word' id='word_1_165' title='bbox 183 2721 186 2728; x_wconf 59' lang='grc'>,</span> <span class='ocrx_word' id='word_1_166' title='bbox 253 2661 306 2740; x_wconf 78' lang='lat' dir='ltr'>poi</span> <span class='ocrx_word' id='word_1_167' title='bbox 342 2677 433 2736; x_wconf 77' lang='lat' dir='ltr'>neque</span> <span class='ocrx_word' id='word_1_168' title='bbox 463 2656 639 2729; x_wconf 69' lang='lat' dir='ltr'>exercitam,</span> <span class='ocrx_word' id='word_1_169' title='bbox 665 2676 757 2734; x_wconf 80' lang='lat' dir='ltr'>neque</span> <span class='ocrx_word' id='word_1_170' title='bbox 782 2657 959 2735; x_wconf 78' lang='lat' dir='ltr'>provincias</span> <span class='ocrx_word' id='word_1_171' title='bbox 990 2656 1133 2731; x_wconf 77' lang='lat' dir='ltr'>traderet,</span> <span class='ocrx_word' id='word_1_172' title='bbox 1164 2664 1200 2714; x_wconf 83' lang='lat' dir='ltr'>ut</span> <span class='ocrx_word' id='word_1_173' title='bbox 1217 2659 1325 2736; x_wconf 61' lang='lat' dir='ltr'>‘neque</span> 
     </span>
     <span class='ocr_line' id='line_1_23' title="bbox 252 2760 1323 2838; baseline -0.006 -12"><span class='ocrx_word' id='word_1_174' title='bbox 252 2772 314 2826; x_wconf 87' lang='lat' dir='ltr'>tani</span> <span class='ocrx_word' id='word_1_175' title='bbox 336 2764 374 2824; x_wconf 90' lang='lat' dir='ltr'>ad</span> <span class='ocrx_word' id='word_1_176' title='bbox 395 2764 568 2834; x_wconf 76' lang='lat' dir='ltr'>coercitum,</span> <span class='ocrx_word' id='word_1_177' title='bbox 591 2780 684 2838; x_wconf 89' lang='lat' dir='ltr'>quam</span> <span class='ocrx_word' id='word_1_178' title='bbox 707 2761 746 2819; x_wconf 89' lang='lat' dir='ltr'>ad</span> <span class='ocrx_word' id='word_1_179' title='bbox 762 2762 938 2838; x_wconf 79' lang='lat' dir='ltr'>provincias</span> <span class='ocrx_word' id='word_1_180' title='bbox 959 2760 1116 2821; x_wconf 77' lang='lat' dir='ltr'>referatur.</span> <span class='ocrx_word' id='word_1_181' title='bbox 1182 2807 1186 2817; x_wconf 83' lang='grc'><strong>.</strong></span> <span class='ocrx_word' id='word_1_182' title='bbox 1218 2761 1323 2822; x_wconf 82' lang='lat' dir='ltr'>llrnor.</span> 
     </span>
    </p>

    <p class='ocr_par' dir='ltr' id='par_1_5' title="bbox 213 2865 1323 3366">
     <span class='ocr_line' id='line_1_24' title="bbox 291 2865 1320 2939; baseline -0.001 -10"><span class='ocrx_word' id='word_1_183' title='bbox 291 2890 356 2930; x_wconf 83' lang='lat' dir='ltr'>cos</span> <span class='ocrx_word' id='word_1_184' title='bbox 387 2888 495 2926; x_wconf 78' lang='lat' dir='ltr'>senes</span> <span class='ocrx_word' id='word_1_185' title='bbox 526 2866 674 2923; x_wconf 80' lang='lat' dir='ltr'>divites</span> <span class='ocrx_word' id='word_1_186' title='bbox 703 2865 900 2922; x_wconf 79' lang='lat' dir='ltr'>videritis.</span> <span class='ocrx_word' id='word_1_187' title='bbox 943 2866 1023 2939; x_wconf 82' lang='lat' dir='ltr'>Quid</span> <span class='ocrx_word' id='word_1_188' title='bbox 1051 2867 1110 2926; x_wconf 85' lang='lat' dir='ltr'>sibi</span> <span class='ocrx_word' id='word_1_189' title='bbox 1140 2867 1251 2927; x_wconf 79' lang='lat' dir='ltr'>divitas</span> <span class='ocrx_word' id='word_1_190' title='bbox 1271 2889 1320 2928; x_wconf 88' lang='lat' dir='ltr'>ve·</span> 
     </span>
     <span class='ocr_line' id='line_1_25' title="bbox 250 2969 1323 3051; baseline -0.002 -15"><span class='ocrx_word' id='word_1_191' title='bbox 250 2975 303 3048; x_wconf 87' lang='lat' dir='ltr'>lit,</span> <span class='ocrx_word' id='word_1_192' title='bbox 334 2993 396 3033; x_wconf 91' lang='lat' dir='ltr'>non</span> <span class='ocrx_word' id='word_1_193' title='bbox 427 2990 584 3051; x_wconf 87' lang='lat' dir='ltr'>assequor:</span> <span class='ocrx_word' id='word_1_194' title='bbox 616 2989 687 3028; x_wconf 90' lang='lat' dir='ltr'>nam</span> <span class='ocrx_word' id='word_1_195' title='bbox 718 2970 757 3028; x_wconf 92' lang='lat' dir='ltr'>ad</span> <span class='ocrx_word' id='word_1_196' title='bbox 787 2969 959 3048; x_wconf 87' lang='lat' dir='ltr'>periculum</span> <span class='ocrx_word' id='word_1_197' title='bbox 989 2972 1021 3030; x_wconf 89' lang='lat' dir='ltr'>in</span> <span class='ocrx_word' id='word_1_198' title='bbox 1051 2972 1133 3032; x_wconf 77' lang='lat' dir='ltr'>bello</span> <span class='ocrx_word' id='word_1_199' title='bbox 1161 2975 1249 3034; x_wconf 87' lang='lat' dir='ltr'>civili</span> <span class='ocrx_word' id='word_1_200' title='bbox 1276 2995 1323 3034; x_wconf 90' lang='lat' dir='ltr'>re·</span> 
     </span>
     <span class='ocr_line' id='line_1_26' title="bbox 249 3078 1318 3153; baseline -0.001 -13"><span class='ocrx_word' id='word_1_201' title='bbox 249 3081 345 3153; x_wconf 78' lang='lat' dir='ltr'>ferre,</span> <span class='ocrx_word' id='word_1_202' title='bbox 365 3078 476 3136; x_wconf 89' lang='lat' dir='ltr'>durum</span> <span class='ocrx_word' id='word_1_203' title='bbox 498 3083 582 3152; x_wconf 88' lang='lat' dir='ltr'>puto.</span> <span class='ocrx_word' id='word_1_204' title='bbox 642 3117 644 3132; x_wconf 89' lang='lat'><em>.</em></span> <span class='ocrx_word' id='word_1_205' title='bbox 1099 3129 1102 3136; x_wconf 79' lang='grc'>,</span> <span class='ocrx_word' id='word_1_206' title='bbox 1195 3079 1318 3140; x_wconf 82' lang='grc' dir='ltr'>Ειιιιιιι.</span> 
     </span>
     <span class='ocr_line' id='line_1_27' title="bbox 213 3170 1317 3262; baseline 0.005 -24"><span class='ocrx_word' id='word_1_207' title='bbox 213 3170 222 3177; x_wconf 25' lang='lat' dir='ltr'><em>f</em></span> <span class='ocrx_word' id='word_1_208' title='bbox 289 3219 351 3232; x_wconf 90' lang='lat'>--</span> <span class='ocrx_word' id='word_1_209' title='bbox 370 3217 432 3230; x_wconf 89' lang='lat'>--</span> <span class='ocrx_word' id='word_1_210' title='bbox 471 3180 642 3238; x_wconf 84' lang='lat' dir='ltr'>Ernestium</span> <span class='ocrx_word' id='word_1_211' title='bbox 683 3180 764 3239; x_wconf 90' lang='lat' dir='ltr'>illud</span> <span class='ocrx_word' id='word_1_212' title='bbox 806 3179 913 3238; x_wconf 80' lang='lat' dir='ltr'>divites</span> <span class='ocrx_word' id='word_1_213' title='bbox 950 3179 1093 3256; x_wconf 84' lang='lat' dir='ltr'>offendit,</span> <span class='ocrx_word' id='word_1_214' title='bbox 1127 3185 1202 3262; x_wconf 86' lang='lat' dir='ltr'>quia</span> <span class='ocrx_word' id='word_1_215' title='bbox 1230 3185 1317 3244; x_wconf 90' lang='lat' dir='ltr'>nulla</span> 
     </span>
     <span class='ocr_line' id='line_1_28' title="bbox 249 3285 1318 3366; baseline -0.002 -15"><span class='ocrx_word' id='word_1_216' title='bbox 249 3310 339 3351; x_wconf 89' lang='lat' dir='ltr'>causa</span> <span class='ocrx_word' id='word_1_217' title='bbox 376 3305 518 3366; x_wconf 84' lang='lat' dir='ltr'>apparere</span> <span class='ocrx_word' id='word_1_218' title='bbox 558 3285 697 3357; x_wconf 82' lang='lat' dir='ltr'>ridetur,</span> <span class='ocrx_word' id='word_1_219' title='bbox 738 3305 832 3364; x_wconf 88' lang='lat' dir='ltr'>quare</span> <span class='ocrx_word' id='word_1_220' title='bbox 876 3286 995 3346; x_wconf 88' lang='lat' dir='ltr'>Coelius</span> <span class='ocrx_word' id='word_1_221' title='bbox 1033 3288 1092 3345; x_wconf 89' lang='lat' dir='ltr'>hoc</span> <span class='ocrx_word' id='word_1_222' title='bbox 1133 3288 1318 3350; x_wconf 73' lang='lat' dir='ltr'>vocabulum</span> 
     </span>
    </p>
   </div>
   <div class='ocr_carea' id='block_1_4' title="bbox 139 3390 1316 3474">
    <p class='ocr_par' dir='ltr' id='par_1_6' title="bbox 139 3390 1316 3474">
     <span class='ocr_line' id='line_1_29' title="bbox 139 3390 1316 3474; baseline -0.003 -17"><span class='ocrx_word' id='word_1_223' title='bbox 139 3446 142 3455; x_wconf 93' lang='lat'>.</span> <span class='ocrx_word' id='word_1_224' title='bbox 249 3395 402 3456; x_wconf 83' lang='lat' dir='ltr'>adiecerit.</span> <span class='ocrx_word' id='word_1_225' title='bbox 441 3391 559 3450; x_wconf 84' lang='lat' dir='ltr'>Coelius</span> <span class='ocrx_word' id='word_1_226' title='bbox 590 3390 715 3468; x_wconf 88' lang='lat' dir='ltr'>quidem</span> <span class='ocrx_word' id='word_1_227' title='bbox 743 3410 798 3450; x_wconf 89' lang='lat' dir='ltr'>sua</span> <span class='ocrx_word' id='word_1_228' title='bbox 827 3391 949 3450; x_wconf 89' lang='lat' dir='ltr'>dicendi</span> <span class='ocrx_word' id='word_1_229' title='bbox 976 3392 1141 3466; x_wconf 82' lang='lat' dir='ltr'>brevitate,</span> <span class='ocrx_word' id='word_1_230' title='bbox 1172 3402 1208 3452; x_wconf 90' lang='lat' dir='ltr'>ut</span> <span class='ocrx_word' id='word_1_231' title='bbox 1228 3413 1316 3474; x_wconf 86' lang='lat' dir='ltr'>saepe</span> 
     </span>
    </p>
   </div>
   <div class='ocr_carea' id='block_1_5' title="bbox 192 3495 1318 4208">
    <p class='ocr_par' dir='ltr' id='par_1_7' title="bbox 192 3495 1318 4208">
     <span class='ocr_line' id='line_1_30' title="bbox 249 3495 1318 3576; baseline -0.003 -15"><span class='ocrx_word' id='word_1_232' title='bbox 249 3502 339 3576; x_wconf 90' lang='lat' dir='ltr'>alias,</span> <span class='ocrx_word' id='word_1_233' title='bbox 366 3501 409 3557; x_wconf 88' lang='lat' dir='ltr'>ita</span> <span class='ocrx_word' id='word_1_234' title='bbox 437 3499 528 3555; x_wconf 88' lang='lat' dir='ltr'>etiam</span> <span class='ocrx_word' id='word_1_235' title='bbox 554 3496 584 3553; x_wconf 90' lang='lat' dir='ltr'>b.</span> <span class='ocrx_word' id='word_1_236' title='bbox 612 3495 633 3553; x_wconf 91' lang='lat' dir='ltr'>l.</span> <span class='ocrx_word' id='word_1_237' title='bbox 659 3496 875 3556; x_wconf 86' lang='lat' dir='ltr'>obscuritatem</span> <span class='ocrx_word' id='word_1_238' title='bbox 900 3498 1026 3576; x_wconf 89' lang='lat' dir='ltr'>peperit.</span> <span class='ocrx_word' id='word_1_239' title='bbox 1066 3496 1194 3556; x_wconf 88' lang='lat' dir='ltr'>Videtur</span> <span class='ocrx_word' id='word_1_240' title='bbox 1215 3509 1318 3558; x_wconf 88' lang='lat' dir='ltr'>autem</span> 
     </span>
     <span class='ocr_line' id='line_1_31' title="bbox 192 3599 1316 3680; baseline -0.001 -16"><span class='ocrx_word' id='word_1_241' title='bbox 192 3668 195 3676; x_wconf 65' lang='grc'><strong><em>,</em></strong></span> <span class='ocrx_word' id='word_1_242' title='bbox 249 3606 318 3664; x_wconf 87' lang='lat' dir='ltr'>illos</span> <span class='ocrx_word' id='word_1_243' title='bbox 357 3604 491 3660; x_wconf 87' lang='lat' dir='ltr'>iuniores</span> <span class='ocrx_word' id='word_1_244' title='bbox 526 3608 698 3658; x_wconf 88' lang='lat' dir='ltr'>senatorum</span> <span class='ocrx_word' id='word_1_245' title='bbox 733 3603 890 3679; x_wconf 85' lang='lat' dir='ltr'>respicere</span> <span class='ocrx_word' id='word_1_246' title='bbox 898 3645 907 3675; x_wconf 91' lang='lat'>‚</span> <span class='ocrx_word' id='word_1_247' title='bbox 944 3602 999 3680; x_wconf 89' lang='lat' dir='ltr'>qui</span> <span class='ocrx_word' id='word_1_248' title='bbox 1031 3621 1048 3660; x_wconf 89' lang='lat' dir='ltr'>a</span> <span class='ocrx_word' id='word_1_249' title='bbox 1078 3599 1201 3660; x_wconf 85' lang='lat' dir='ltr'>Caesare</span> <span class='ocrx_word' id='word_1_250' title='bbox 1231 3605 1316 3663; x_wconf 82' lang='lat' dir='ltr'>vario</span> 
     </span>
     <span class='ocr_line' id='line_1_32' title="bbox 248 3705 1316 3787; baseline -0.004 -17"><span class='ocrx_word' id='word_1_251' title='bbox 248 3709 339 3770; x_wconf 89' lang='lat' dir='ltr'>modo</span> <span class='ocrx_word' id='word_1_252' title='bbox 377 3707 528 3783; x_wconf 87' lang='lat' dir='ltr'>corrupti,</span> <span class='ocrx_word' id='word_1_253' title='bbox 567 3705 661 3784; x_wconf 69' lang='lat' dir='ltr'>quodv</span> <span class='ocrx_word' id='word_1_254' title='bbox 690 3705 742 3764; x_wconf 91' lang='lat' dir='ltr'>ille</span> <span class='ocrx_word' id='word_1_255' title='bbox 782 3715 922 3785; x_wconf 87' lang='lat' dir='ltr'>cuperet,</span> <span class='ocrx_word' id='word_1_256' title='bbox 953 3725 1030 3779; x_wconf 90' lang='lat' dir='ltr'>non,</span> <span class='ocrx_word' id='word_1_257' title='bbox 1061 3706 1144 3784; x_wconf 86' lang='lat' dir='ltr'>quod</span> <span class='ocrx_word' id='word_1_258' title='bbox 1175 3727 1191 3764; x_wconf 91' lang='lat' dir='ltr'>e</span> <span class='ocrx_word' id='word_1_259' title='bbox 1223 3727 1316 3787; x_wconf 88' lang='lat' dir='ltr'>repu-</span> 
     </span>
     <span class='ocr_line' id='line_1_33' title="bbox 248 3809 1316 3888; baseline -0.003 -14"><span class='ocrx_word' id='word_1_260' title='bbox 248 3815 329 3874; x_wconf 89' lang='lat' dir='ltr'>blica</span> <span class='ocrx_word' id='word_1_261' title='bbox 355 3824 445 3886; x_wconf 87' lang='lat' dir='ltr'>esset‚</span> <span class='ocrx_word' id='word_1_262' title='bbox 474 3819 661 3869; x_wconf 87' lang='lat' dir='ltr'>censuerant.</span> <span class='ocrx_word' id='word_1_263' title='bbox 705 3809 822 3869; x_wconf 85' lang='lat' dir='ltr'>Coelius</span> <span class='ocrx_word' id='word_1_264' title='bbox 850 3813 946 3888; x_wconf 75' lang='lat' dir='ltr'>igitur</span> <span class='ocrx_word' id='word_1_265' title='bbox 977 3818 1081 3888; x_wconf 82' lang='lat' dir='ltr'>contra</span> <span class='ocrx_word' id='word_1_266' title='bbox 1109 3811 1147 3870; x_wconf 90' lang='lat' dir='ltr'>de</span> <span class='ocrx_word' id='word_1_267' title='bbox 1163 3811 1238 3869; x_wconf 90' lang='lat' dir='ltr'>·illis</span> <span class='ocrx_word' id='word_1_268' title='bbox 1267 3832 1316 3871; x_wconf 89' lang='lat' dir='ltr'>sc-</span> 
     </span>
     <span class='ocr_line' id='line_1_34' title="bbox 247 3913 1315 3996; baseline -0.002 -18"><span class='ocrx_word' id='word_1_269' title='bbox 247 3913 337 3979; x_wconf 86' lang='lat' dir='ltr'>natns</span> <span class='ocrx_word' id='word_1_270' title='bbox 367 3916 558 3996; x_wconf 89' lang='lat' dir='ltr'>principibus</span> <span class='ocrx_word' id='word_1_271' title='bbox 585 3915 706 3972; x_wconf 89' lang='lat' dir='ltr'>scribit:</span> <span class='ocrx_word' id='word_1_272' title='bbox 740 3935 790 3972; x_wconf 85' lang='lat' dir='ltr'>oos</span> <span class='ocrx_word' id='word_1_273' title='bbox 815 3935 897 3972; x_wconf 81' lang='lat' dir='ltr'>serres</span> <span class='ocrx_word' id='word_1_274' title='bbox 929 3915 1037 3974; x_wconf 80' lang='lat' dir='ltr'>dicitas</span> <span class='ocrx_word' id='word_1_275' title='bbox 1065 3915 1220 3990; x_wconf 80' lang='lat' dir='ltr'>videritis,</span> <span class='ocrx_word' id='word_1_276' title='bbox 1241 3917 1315 3996; x_wconf 84' lang='lat' dir='ltr'>quia</span> 
     </span>
     <span class='ocr_line' id='line_1_35' title="bbox 247 4020 1316 4097; baseline -0.004 -15"><span class='ocrx_word' id='word_1_277' title='bbox 247 4024 296 4083; x_wconf 89' lang='lat' dir='ltr'>illi</span> <span class='ocrx_word' id='word_1_278' title='bbox 317 4023 380 4080; x_wconf 86' lang='lat' dir='ltr'>sivo</span> <span class='ocrx_word' id='word_1_279' title='bbox 396 4040 456 4079; x_wconf 91' lang='lat' dir='ltr'>non</span> <span class='ocrx_word' id='word_1_280' title='bbox 476 4021 655 4097; x_wconf 78' lang='lat' dir='ltr'>indigebant</span> <span class='ocrx_word' id='word_1_281' title='bbox 666 4020 796 4080; x_wconf 86' lang='lat' dir='ltr'>Caesaris</span> <span class='ocrx_word' id='word_1_282' title='bbox 817 4020 1013 4090; x_wconf 86' lang='lat' dir='ltr'>muneribus,</span> <span class='ocrx_word' id='word_1_283' title='bbox 1034 4020 1098 4078; x_wconf 87' lang='lat' dir='ltr'>sive</span> <span class='ocrx_word' id='word_1_284' title='bbox 1117 4039 1151 4078; x_wconf 89' lang='lat' dir='ltr'>ea</span> <span class='ocrx_word' id='word_1_285' title='bbox 1171 4022 1240 4078; x_wconf 90' lang='lat' dir='ltr'>iure</span> <span class='ocrx_word' id='word_1_286' title='bbox 1258 4039 1316 4079; x_wconf 89' lang='lat' dir='ltr'>suo</span> 
     </span>
     <span class='ocr_line' id='line_1_36' title="bbox 247 4109 1309 4208; baseline -0.004 -22"><span class='ocrx_word' id='word_1_287' title='bbox 247 4125 448 4208; x_wconf 84' lang='lat' dir='ltr'>spernebant,</span> <span class='ocrx_word' id='word_1_288' title='bbox 470 4125 600 4204; x_wconf 84' lang='lat' dir='ltr'>ideoque</span> <span class='ocrx_word' id='word_1_289' title='bbox 620 4126 751 4184; x_wconf 90' lang='lat' dir='ltr'>divitum</span> <span class='ocrx_word' id='word_1_290' title='bbox 774 4126 840 4184; x_wconf 89' lang='lat' dir='ltr'>loco</span> <span class='ocrx_word' id='word_1_291' title='bbox 861 4109 1109 4186; x_wconf 79' lang='lat' dir='ltr'>crarrr&#39;babendi.</span> <span class='ocrx_word' id='word_1_292' title='bbox 1170 4124 1309 4186; x_wconf 79' lang='lat' dir='ltr'>Brarorcr.</span> 
     </span>
    </p>
   </div>
   <div class='ocr_carea' id='block_1_6' title="bbox 715 4300 841 4332">
    <p class='ocr_par' dir='ltr' id='par_1_8' title="bbox 715 4300 841 4332">
     <span class='ocr_line' id='line_1_37' title="bbox 715 4300 841 4332; baseline -0.016 0"><span class='ocrx_word' id='word_1_293' title='bbox 715 4300 841 4332; x_wconf 57' lang='lat' dir='ltr'>-do-</span> 
     </span>
    </p>
   </div>
   <div class='ocr_carea' id='block_1_7' title="bbox 0 0 1494 5186">
    <p class='ocr_par' dir='ltr' id='par_1_9' title="bbox 0 0 1494 5186">
     <span class='ocr_line' id='line_1_38' title="bbox 0 0 1494 5186; baseline 0 6"><span class='ocrx_word' id='word_1_294' title='bbox 0 0 1494 5186; x_wconf 95' lang='lat' dir='ltr'> </span> 
     </span>
    </p>
   </div>
  </div>
 </body>
</html>
