2978 5186
839 373 902 432 178

335 583 454 662 pedire,
476 603 543 644 raro
563 593 630 662 post
648 580 806 640 meridiem
824 582 956 638 actiones
983 583 1151 640 eontinuat.
1193 583 1331 643 lnsalens
1359 587 1403 643 sli-

335 689 425 748 eendi
446 707 557 766 genus:
576 687 641 768 agit
658 684 800 760 liberalis,
821 685 960 763 praillo:
989 687 1054 766 agit
1073 684 1255 762 liberaliter,
1276 689 1315 746 ad
1334 689 1404 749 Coe·

335 796 449 854 lienam
470 793 618 876 loquendi
645 794 793 851 rationem
814 790 930 862 refero,
949 810 1049 870 neque
1069 791 1101 864 in
1123 794 1188 868 ipso
1209 794 1303 852 etiam
1324 793 1404 852 Ciue-

312 967 315 971 Δ
333 919 407 958 rone
425 899 534 958 similis
551 897 711 956 verborum
730 897 906 954 coniunctio
926 895 1073 972 exemplis
1088 906 1178 955 earet.
1260 897 1402 956 Bsususcs.

372 1003 402 1084 Ι.
432 1003 464 1063 2.
505 1002 851 1082 nefreqaeatiam
883 999 1039 1078 quidem
1070 974 1402 1081 efficerep'otae-

334 1120 434 1168 ruat.
465 1109 532 1168 Ass.
555 1109 580 1168 l.
601 1110 721 1186 scripsit
736 1116 894 1187 poterant:
912 1106 995 1186 qued
1016 1114 1135 1189 tempus
1158 1108 1286 1186 quidem
1304 1109 1403 1187 aptius

334 1233 398 1272 esse
429 1213 566 1287 ridetur,
597 1233 689 1292 quam
720 1212 851 1270 alterum
873 1220 1039 1290 patuerant.
1081 1212 1138 1271 sed
1158 1214 1247 1291 plara
1269 1215 1331 1272 iam
1356 1233 1402 1272 ex·

332 1319 431 1398 empla
448 1319 626 1389 habuimus,
645 1337 680 1376 ex
701 1316 814 1396 quibas
832 1324 934 1395 patet,
955 1316 1091 1375 Coelium
1110 1337 1171 1376 non
1190 1338 1311 1397 semper
1330 1331 1401 1378 tem-

332 1444 442 1503 porum
458 1426 609 1482 rationem
629 1424 691 1492 ita,
712 1431 747 1480 ut
764 1441 819 1500 par
839 1431 897 1492 est,
913 1420 1067 1480 habuisse.
1262 1423 1399 1482 Brassica.

376 1549 447 1608 quo
468 1529 548 1586 tilrs'
576 1527 705 1607 magis
731 1507 903 1605 scripsi,
921 1535 1014 1582 atu
1032 1534 1263 1604 separares.
1307 1529 1355 1588 Dr.
1373 1530 1399 1604 l,

331 1633 381 1703 ΙΙ,
402 1633 436 1707 V,
457 1632 564 1710 legunt
584 1641 611 1688 te
625 1633 767 1710 pararis:
790 1630 984 1709 quodetiam
1005 1632 1038 1689 in
1061 1631 1161 1690 Caelia
1187 1631 1313 1691 defendi
1332 1653 1399 1712 pos-

240 1802 249 1809 ·
333 1748 398 1812 set,
418 1741 445 1796 si
465 1737 577 1816 reliqui
595 1736 668 1794 libri
685 1755 747 1795 non
767 1736 858 1794 aliam
888 1735 1051 1794 lectionem
1074 1735 1254 1814 proferrent.
1282 1739 1347 1798 Ass.
1376 1737 1399 1799 1.

331 1855 434 1902 tamen
452 1842 527 1920 legit
547 1847 574 1898 te
583 1861 717 1921 parares.
1172 1888 1178 1894 .
1263 1842 1399 1902 llsnsnrm.

373 1947 403 2029 ᾗ.
426 1947 457 2007 3.
498 1947 707 2005 Patiscum
733 1943 908 2004 'Curioni
944 1945 1068 2003 desem
1089 1947 1310 2024 pantheras
1337 1951 1403 2005 mi·

333 2056 457 2126 sisse,
477 2062 511 2110 te
533 2071 608 2110 aaa
627 2049 972 2128 multispartilrus
988 2050 1133 2128 plasea.
1164 2051 1199 2111 Et
1220 2053 1400 2130 ambiguum

335 2166 365 2218 et
386 2161 609 2216 inconcinnum
628 2164 683 2214 est.
725 2153 806 2214 addi
826 2153 934 2213 saltem
951 2155 1107 2232 oportebat
1125 2157 1211 2215 asiai.
1280 2155 1402 2216 Wusss.

378 2263 445 2338 Tu,
477 2265 512 2320 si
522 2293 565 2308 --
595 2262 718 2319 aiant.
761 2261 815 2318 llie
833 2279 917 2335 rem,
948 2279 1040 2340 quam
1069 2260 1137 2319 vult
1169 2269 1205 2318 ut
1225 2260 1403 2320 facillimam

333 2367 373 2426 ab
404 2366 508 2425 oeulos
538 2382 669 2443 ponere,
697 2364 771 2422 facit
801 2364 1002 2424 multitudine
1031 2367 1210 2438 verborum,
1239 2375 1276 2424 ut
1300 2385 1402 2444 opero·

334 2471 397 2530 sior
412 2470 568 2534 ¹rideatur.
610 2467 715 2528 Melius
742 2469 823 2528 idem
853 2489 943 2530 mox:
964 2470 1049 2528 asella
1070 2480 1121 2529 taa
1131 2515 1141 2544 ‚
1160 2471 1224 2528 aisa·
1246 2471 1401 2549 lapsandi,

317 2565 470 2634 'esseest
736 2639 739 2642 ,
864 2597 867 2602 ’
1279 2578 1402 2636 Wrrsrm.

374 2679 544 2739 simodo
574 2699 670 2738 mem.
703 2689 864 2739 tesseres.
916 2680 1038 2740 Correxi
1078 2682 1228 2755 tenueris,
1268 2693 1304 2740 ut
1338 2683 1400 2740 iam
1475 2683 1476 2686 ’

334 2786 499 2847 Lambinus
525 2783 640 2859 voluit,
661 2785 735 2864 qaia
754 2785 911 2864 sequentia
932 2786 1033 2846 omnia
1055 2783 1254 2862 [arcessieris,
1274 2787 1402 2866 miseris]

327 2892 428 2950 huia-s
458 2889 571 2949 farinae
595 2897 675 2948 sunt.
1284 2889 1403 2950 llsassrr.

363 3021 437 3044 ¹-
455 3027 517 3042 ·-—
557 2994 720 3053 Lambinus
750 2995 875 3074 quidem
901 3006 931 3054 et
950 2994 1068 3054 Ernesti
1089 2995 1292 3055 emendarunt
1310 3005 1404 3056 resue-

336 3101 398 3158 rs's:
428 3099 482 3158 sed
512 3099 584 3156 libri
601 3100 707 3178 seripti
727 3119 789 3160 non
809 3099 966 3159 addicunt.
1008 3099 1063 3159 Vel
1081 3099 1140 3159 hae
1160 3099 1248 3175 laea,
1268 3101 1403 3160 Coelium

337 3203 413 3262 haee
434 3205 586 3282 scripsisse
606 3203 756 3262 recordor.
1262 3206 1403 3265 Bassareu.

376 3308 476 3387 quad
504 3327 674 3367 seorsum
704 3329 722 3367 a
752 3308 913 3388 seltega.
955 3309 1003 3367 Dr.
1033 3308 1048 3366 I
1076 3307 1405 3388 et11=legant:quad

339 3433 453 3473 seorsus
477 3433 496 3472 a
524 3413 635 3494 collega
657 3424 740 3493 pata.
784 3415 865 3472 llane
887 3414 1049 3474 lectionem
1068 3413 1199 3486 saumas,
1218 3416 1404 3474 verissimam

235 3535 238 3540 ·
339 3539 402 3579 esse
431 3529 523 3599 puto,
551 3521 625 3599 quiu
649 3521 787 3600 antiqui,
816 3539 893 3598 quos
920 3519 1052 3580 Coelius
1071 3519 1210 3594 solebat,
1240 3520 1283 3580 ita
1311 3519 1406 3578 locuti

244 3609 248 3618 ’
332 3635 418 3686 sunt.
1269 3623 1408 3686 Baranam.

377 3733 529 3812 impera
545 3730 639 3804 siba·
660 3730 735 3788 lroe.
777 3729 927 3810 Imperare
949 3731 1010 3789 sibi
1030 3729 1145 3788 dieitur
1164 3731 1208 3800 is,
1229 3731 1303 3807 qui,
1322 3729 1408 3806 quud

337 3837 471 3896 libenter
505 3853 566 3895 non
602 3836 682 3914 agit,
718 3855 805 3914 agere
832 3845 932 3896 temen
964 3836 1141 3910 eonstituit3
1173 3843 1208 3894 ut
1237 3834 1326 3913 Epist.
1360 3833 1407 3892 12.

340 3941 385 4020 [h.
412 3943 463 4002 Ed.
491 3941 564 4001 XXI.
588 3940 629 4021 1.]
651 3941 841 4020 quantitasne
861 3960 988 4012 avaras,
1006 3951 1039 3998 stt
1059 3958 1094 3997 ea
1112 3938 1255 4011 solveret,
1272 3938 1330 3996 silai
1346 3939 1407 3996 s'm-

335 4067 442 4128 perare
466 4067 526 4105 aaa
548 4047 656 4126 posset.
698 4047 733 4106 Et
761 4047 917 4106 Terentius
948 4046 1023 4106 Eun.
1054 4046 1095 4105 ΙΙ.
1114 4043 1143 4103 2.
1164 4042 1216 4102 21.
1258 4042 1410 4122 Imperavi

340 4159 455 4234 egomet
481 4151 556 4209 milri
582 4149 690 4210 Omnia
719 4155 874 4212 assentari.
1229 4223 1231 4231 Ι
1303 4148 1409 4208 lienus.

333 4329 336 4336 .
380 4254 449 4337 §.i
481 4255 519 4314 M.
542 4253 799 4316 Ferisliamk—
820 4255 1151 4316 tibieammensla.
1182 4253 1410 4314 BrevisFeridii

340 4361 565 4424 commendatio
589 4370 633 4423 est
654 4363 744 4442 plane
766 4364 914 4427 Tulliana.
955 4365 1015 4428 lloe
1043 4382 1141 4425 unum
1161 4359 1303 4440 equidem
1328 4358 1411 4420 desi·
