2978 5186
676 399 679 406 ’
773 391 834 452 136

268 596 370 655 oribus
385 606 475 676 atque
490 596 614 680 ¹alterius
632 597 774 675 epistolae
792 598 935 657 invenias.
944 594 988 679 (2)
1015 598 1107 676 Perge
1127 615 1217 677 porro
1236 597 1276 658 ab
1298 619 1338 658 ea

269 702 335 779 ipsa
355 697 480 779 epistole
488 698 532 784 (3)
552 701 694 780 deinceps
705 721 864 760 numerare
876 703 1036 781 'sequentes
1056 703 1094 762 ed
1112 723 1177 763 eam
1193 723 1275 785 quae
1293 707 1338 764 sit

269 812 378 884 quarta
395 813 425 863 et
443 801 660 885 vigesimu,.(4)
680 806 766 872 cuius
783 807 823 864 ita
846 806 1048 886 principium:
1066 807 1132 866 Non
1152 829 1197 868 mc
1218 809 1336 868 Hercu-

272 909 331 982 les,
351 909 430 967 citit
448 929 579 993 coquom
599 912 696 984 enim,
713 931 879 992 quae-cum
899 912 1104 996 superiore(5)
1120 916 1338 991 continuatur,

272 1025 306 1072 ut
328 1014 408 1092 legas
422 1015 482 1074 ite:
507 1011 605 1088 Certe,
625 1017 764 1094 s'rsqucm,
786 1016 934 1075 absolutus
955 1027 1013 1093 est,
1033 1039 1078 1076 ose
1090 1029 1334 1098 repraesentante

267 1121 494 1198 pronrmtiatum
511 1130 567 1193 est,
588 1123 750 1201 etquidem
771 1123 904 1182 omnibus
923 1123 1096 1200 ordinibus,
1117 1124 1213 1189 sodet
1230 1125 1339 1206 singu·

272 1225 311 1282 lis
331 1226 366 1282 irs
380 1244 551 1304 unoquoquo
566 1245 672 1306 gessero
691 1229 853 1286 sententiis.
897 1225 973 1286 Vide
990 1229 1075 1286 modo
1086 1273 1095 1303 ,
1116 1230 1228 1307 inquis.
1266 1228 1338 1286 Noas

271 1327 482 1413 malbrovias.
514 1327 600 1387 Nihil
611 1350 743 1408 «coquom
758 1332 845 1390 assim.
876 1330 975 1411 Atque
991 1335 1034 1392 ita
1051 1334 1169 1413 reliqua
1190 1335 1336 1412 subtexe,

271 1433 367 1492 donec
386 1433 425 1512 ab
441 1430 575 1514 ipse‚(6)
596 1454 687 1514 quam
708 1435 842 1494 diximus
859 1434 984 1494 alterius
1004 1456 1067 1496 esse
1087 1439 1252 1518 epistolae,
1264 1460 1341 1519 per-

271 1539 390 1598 veneris
414 1537 452 1596 ad
470 1548 645 1616 sequentem
672 1537 820 1598 decimam
827 1535 891 1622 ‚(7)
913 1541 999 1599 cuius
1020 1541 1078 1601 hoc
1093 1543 1236 1602 initium:
1280 1543 1341 1602 Sic

272 1652 322 1716 tc,
339 1643 461 1721 inquis,
479 1641 643 1700 Hircirsm?
661 1663 753 1723 quam
764 1663 799 1702 eo
810 1663 907 1723 usque
921 1645 1006 1722 lege,
1027 1647 1145 1706 durnin
1155 1647 1249 1707 verba
1258 1649 1339 1708 baec

271 1745 388 1805 incidas
418 1744 455 1804 Si
472 1746 565 1804 ollam
584 1744 732 1828 spsm,(8)
758 1767 836 1826 quae
852 1750 946 1808 simul
964 1749 1143 1828 offenderis,
1165 1761 1265 1812 totum
1274 1754 1339 1812 hoc

272 1849 405 1910 delebis:
427 1849 492 1908 Act
508 1852 542 1908 io
562 1861 635 1910 tecto
656 1853 744 1927 sitii,
762 1862 876 1910 coetero
895 1854 971 1912 milri
981 1856 1195 1933 probabuntur.
1223 1857 1339 1934 Totum

273 1958 350 2029 hoc,
382 1959 525 2037 iuquam,
556 1956 671 2016 delebis
698 1965 751 2015 cut
779 1956 923 2030 induces,
955 1961 1099 2039 quoniam
1128 1960 1227 2022 aliena
1245 1963 1342 2042 plane

273 2063 347 2122 huic
365 2063 441 2121 loco.
483 2062 548 2121 lior
575 2063 675 2122 denuo
703 2082 840 2122 recurres
860 2063 898 2122 ad
918 2083 976 2136 ea,
1007 2055 1136 2147 quael9)
1152 2069 1249 2146 posita
1269 2089 1341 2147 per·

272 2187 379 2247 peram
399 2175 488 2242 sunt,
507 2168 540 2225 in
567 2166 621 2226 illa
645 2167 757 2242 Caelii,
778 2166 817 2225 de
837 2187 899 2246 que
919 2169 1062 2247 primitus
1082 2170 1217 2246 dictum,
1242 2182 1343 2252 atque

274 2277 318 2332 ita
339 2273 530 2354 continuabis
550 2271 731 2348 lectionem:
757 2270 901 2331 Siciliam
921 2295 1000 2353 spem
1021 2275 1068 2334 lois
1086 2276 1181 2335 literis
1202 2279 1344 2338 ostende-

309 2525 349 2593 (2)
385 2524 451 2576 Sunt
467 2525 537 2575 enim
547 2523 625 2574 rerba
639 2523 759 2592 epistolae
774 2523 809 2576 IX
825 2524 885 2575 libri
900 2524 970 2576 VIII.
993 2525 1036 2592 [h.
1052 2527 1101 2578 ud.
1117 2528 1239 2596 np.v11.
1254 2527 1280 2592 ᾗ.
1297 2531 1345 2598 3.]

305 2615 346 2682 (3)
382 2613 483 2682 Nempe
498 2613 675 2664 usecundaL.
689 2612 759 2664 VIII.
826 2615 832 2624 “

307 2704 347 2773 (4)
382 2703 451 2772 Quae
466 2705 509 2754 hic
523 2703 601 2768 dicit,
617 2713 730 2754 accurate
746 2705 905 2754 conveniunt
917 2720 977 2752 cum
993 2704 1101 2770 Torgav.
1117 2704 1207 2756 Dresd.
1218 2705 1240 2756 I.
1253 2705 1287 2758 ΙΙ.
1304 2706 1346 2758 V.

272 2797 300 2845 in
316 2794 425 2862 quibus,
441 2796 463 2844 si
477 2793 537 2844 inde
553 2793 586 2843 ab
602 2795 677 2860 epist.
692 2791 728 2842 IX
742 2791 803 2842 libri
819 2791 898 2854 VIII,
915 2809 980 2860 quae
997 2811 1056 2844 curn
1078 2797 1152 2864 epist.
1170 2795 1196 2847 lt
1206 2796 1267 2847 libri
1274 2796 1347 2850 VIII

272 2884 338 2934 male
360 2885 495 2935 coniuncta
514 2892 570 2946 est,
595 2890 732 2949 sequentes
755 2898 814 2949 epp.
836 2879 920 2931 XXIII
931 2919 937 2944 ‚
957 2899 1049 2952 nempe
1073 2895 1128 2936 ceto
1149 2885 1263 2954 reliquas
1277 2887 1349 2939 libri

271 2974 348 3039 VIII,
367 2987 393 3025 et
408 2974 560 3042 quindecim
575 2975 673 3045 priores
682 2972 743 3022 libri
756 2972 791 3022 IX
800 2975 990 3037 numeraveris,
1007 2975 1111 3026 taudem
1120 2977 1350 3029 occurruntverba

271 3081 323 3114 non
339 3063 504 3124 mehercules,
526 3063 591 3113 nibil
602 3079 720 3128 unquam
735 3061 900 3113 enim-hoc
916 3073 1014 3114 tantum
1031 3065 1200 3129 discrimine,
1217 3075 1248 3114 ut
1264 3067 1346 3118 initi-

240 3211 244 3228 Ι
272 3171 318 3204 um
341 3171 420 3204 novae
443 3153 563 3222 epistolae
587 3170 639 3202 non
654 3153 763 3216 iaciunt,
782 3151 827 3202 sed
848 3153 876 3202 in
887 3153 972 3202 media
988 3154 1108 3222 epistula,
1126 3131 1192 3221 quae
1210 3155 1291 3222 vulgo
1309 3168 1353 3208 cst

272 3245 347 3312 epist.
364 3243 411 3294 XV
425 3227 486 3293 libri
501 3241 556 3305 lx,
574 3241 737 3293 collocentur.
764 3241 856 3312 liacipi
871 3252 958 3293 tamen
972 3244 1048 3294 debet
1064 3244 1107 3294 Dr.
1126 3243 1158 3306 V,
1180 3247 1227 3311 qui
1243 3247 1351 3312 etiam,

271 3337 338 3385 sicut
353 3332 492 3385 Politisnus
505 3331 618 3395 indicat,
633 3345 694 3382 cum
706 3329 791 3382 verbis
805 3333 885 3395 Non,
906 3329 1080 3383 mehercules·
1097 3349 1190 3384 novam
1206 3336 1355 3402 epistulam

271 3424 338 3474 male
355 3423 475 3486 inchoat,
493 3423 631 3490 praemissa
646 3422 828 3490 inscriptione:
850 3421 950 3471 Coelius
963 3439 983 3472 s.
993 3440 1023 3489 p.
1038 3423 1063 3472 d.
1083 3424 1203 3474 Ciceroni
1216 3441 1273 3475 suo.

308 3514 347 3581 (5)
364 3513 481 3563 sIterum
497 3509 620 3578 intelligit
636 3527 677 3579 ep.
695 3511 720 3560 II
736 3509 796 3559 libri
808 3508 878 3559 VIlI.

308 3605 348 3671 (s)
383 3603 484 3670 remp.
509 3599 569 3650 rna.
592 3619 607 3650 a
621 3600 707 3652 versis
722 3599 773 3651 rurs
789 3599 947 3667 ep.111ibri
963 3600 1034 3652 vsu.
1069 3603 1149 3666 Nos,
1164 3583 1352 3672 'mesermus,

271 3693 339 3744 nisit
353 3707 470 3756 unquam
487 3691 563 3742 enim.

310 3773 451 3850 (7)'Ilaec
473 3779 550 3846 vulgo
575 3790 612 3830 est
636 3798 678 3848 ep.
703 3778 739 3829 IX
752 3776 812 3827 libri
826 3774 895 3826 VIII.
918 3775 959 3844 [h.
975 3778 1024 3830 ud.
1040 3779 1114 3848 VIL]
1133 3780 1245 3834 Causam
1259 3799 1353 3851 vero,

172 3887 176 3894 ’
276 3887 354 3939 qnare
372 3887 428 3920 eam
443 3868 584 3920 Politianus
598 3857 626 3920 lr.
643 3869 662 3920 l.
679 3869 802 3919 decimam
823 3865 1005 3934 appellaverit,
1024 3870 1091 3920 infra
1101 3871 1173 3921 attuli
1187 3872 1215 3920 in
1226 3881 1288 3922 nota
1307 3878 1356 3926 11.

309 3960 349 4026 (8)
384 3961 416 4010 In
436 3959 479 4010 Dr.
505 3959 526 4011 Ι.
552 3959 586 4011 II.
609 3959 642 4009 V.
667 3939 729 4008 h'aec
750 3956 828 4006 verba
850 3957 1357 4016 aasinrectosirrrere.abtss01000

275 4051 375 4115 aliens,
400 4067 459 4101 vere
478 4050 603 4118 reperiri,
630 4050 658 4099 in
680 4044 889 4097 antecedentibus
903 4047 954 4095 iarn
978 4047 1098 4098 iudicavi.
1131 4049 1162 4098 In
1176 4050 1288 4116 Torgav.
1306 4053 1358 4104 hic

274 4151 312 4191 est
324 4140 422 4190 lacuna.
456 4139 596 4190 llemoratu
614 4137 724 4204 dignum
741 4144 795 4199 est,
812 4135 888 4183 etism
902 4135 929 4184 iu
942 4135 1027 4188 verbis
1044 4137 1075 4187 Si
1089 4137 1170 4190 ullam
1185 4155 1273 4206 spem,
1296 4142 1357 4194 de.

272 4231 356 4280 sinere
375 4227 478 4279 Graevii
494 4229 507 4280 1
523 4228 649 4279 codicem.
1160 4293 1162 4304 Ι

307 4319 345 4387 (9)
381 4318 477 4370 Iterum
492 4317 615 4384 intelligit
630 4313 707 4368 verba
724 4313 799 4380 epist.
814 4311 840 4360 II
853 4309 915 4361 libri
931 4310 1009 4377 VIII,
1029 4332 1095 4382 quae
1109 4335 1291 4386 perperamex
1299 4319 1357 4372 hae

268 4409 304 4462 IX
314 4409 361 4480 sp.
369 4408 429 4461 libri
448 4407 507 4461 VIII
515 4409 648 4476 depromta
659 4412 745 4456 erant:
761 4400 825 4452 milri
834 4401 917 4452 literis
924 4405 1074 4472 ostenderis,
1085 4423 1124 4459 me
1133 4410 1182 4458 isto
1191 4409 1360 4463 missionem.
