3012 5182
848 391 890 452 46

320 628 399 675 nem
433 604 631 674 abiecerat„
663 601 739 687 Quo
773 597 862 668 facto
895 594 1048 665 retudit¹
1084 613 1255 662 sermones
1284 615 1392 690 para7

321 735 454 827 tiorque
505 732 595 800 visus
642 739 714 818 est,
752 748 856 820 quam
889 732 1081 816 sperauerat
1117 731 1301 790 accusator.
1354 719 1388 789 ls

318 885 411 931 nunc
445 860 481 930 in
517 871 552 931 te
585 860 765 929 maximam
797 878 892 951 spem
926 852 1041 924 habet.
1092 849 1167 919 Scio
1200 847 1265 917 tibi
1303 871 1387 918 eum

318 1012 386 1058 non
420 1011 491 1058 esse
525 988 613 1062 odio.
664 989 773 1076 Quam
807 985 891 1055 velis
927 1007 1006 1054 eum
1038 981 1217 1074 obligare,
1253 979 1290 1047 in
1322 989 1385 1048 tua

316 1143 422 1190 manu
458 1129 530 1190 est:
569 1140 649 1190 cum
683 1139 753 1210 quo
787 1119 822 1183 si
857 1111 1034 1218 simultas²
1061 1108 1125 1179 tibi
1149 1130 1218 1177 non
1241 1103 1385 1194 fuisset,

318 1247 459 1320 liberius
496 1247 559 1318 tibi
597 1245 642 1317 de
678 1254 748 1318 tota
781 1265 818 1314 re
849 1252 946 1312 esset.
996 1240 1118 1327 Nunc,
1152 1237 1180 1304 si
1217 1233 1262 1304 ad
1286 1233 1384 1306 illem

316 1399 484 1447 summam
518 1376 719 1446 veritatem³
757 1371 949 1464 legitimum
983 1369 1035 1436 ius
1071 1363 1240 1456 exegeris,
1264 1383 1387 1432 caven·

238 1512 241 1517 ’
317 1505 402 1574 dum
428 1503 492 1572 tibi
525 1503 613 1590 erit,
652 1524 697 1570 ne
720 1521 843 1592 parum
867 1493 1069 1591 simpliciter
1092 1503 1127 1563 et
1149 1489 1295 1596 candide
1319 1515 1385 1586 po·

247 1717 249 1722 Ι
320 1631 425 1700 suissc
460 1628 652 1698 inimicitias
675 1625 829 1695 videaris.
880 1624 919 1692 ln
943 1622 1033 1694 hanc
1050 1631 1183 1718 partem
1204 1643 1308 1715 porro
1328 1632 1383 1690 tu-

318 1765 394 1824 tum
429 1753 492 1823 tibi
527 1751 615 1842 erit,
651 1752 679 1820 si
716 1749 801 1844 quid
836 1748 1005 1838 volueris,
1029 1746 1254 1840 gratificaris:
1279 1749 1383 1822 nemo

316 1883 407 1952 enim
427 1881 675 1954 necessitudine
696 1891 731 1950 et
754 1879 902 1949 amicitia
922 1889 958 1946 te
979 1876 1182 1948 deterritum
1205 1876 1250 1947 ab
1267 1880 1384 1951 'officio

316 2011 419 2081 dicet.
471 2009 563 2079 lllud
587 2009 671 2078 mihi
697 2009 866 2095 occurrit,
889 2005 983 2100 quod
1006 2007 1094 2074 inter
1116 2006 1382 2099 postulationem

315 2151 350 2209 et
375 2139 519 2209 nominis
543 2137 748 2208 delationem
772 2158 855 2226 uxor
879 2158 898 2204 a
921 2133 1096 2204 Dolabella
1118 2135 1280 2206 discessit.

364 2265 401 2336 2.
450 2265 542 2356 Quid
571 2249 662 2358 'mihi
696 2263 872 2336 discedens
891 2265 1084 2355 mandaris,
1108 2265 1270 2353 memini,
1295 2265 1385 2360 quid

315 2417 379 2488 ego
416 2394 480 2466 tibi
514 2395 730 2489 scripserim,
768 2405 803 2464 te
836 2417 906 2465 non
927 2393 1072 2466 arbitror
1095 2393 1253 2466 oblitum.
1304 2381 1381 2465 Non

315 2534 367 2593 est
389 2525 456 2592 iem
480 2533 616 2618 tempus
638 2524 738 2618 plura
767 2524 937 2596 narrandi.
987 2524 1101 2593 Unum
1126 2523 1215 2592 illud
1239 2544 1379 2594 monere

314 2661 349 2720 te
385 2651 550 2743 pessumi
577 2653 631 2721 si⁵
666 2675 719 2722 res
751 2651 814 2722 tibi
839 2676 907 2722 non
930 2649 1148 2745 displicebit,
1175 2663 1289 2721 tamen
1312 2651 1379 2722 hoc

314 2790 467 2874 ternpore
490 2778 576 2848 nihil
601 2779 644 2850 de
669 2791 728 2849 tua
751 2780 926 2852 voluntate
949 2780 1104 2874 ostendas
1124 2789 1160 2848 et
1186 2789 1378 2875 exspectes,

313 2906 604 3000 quemadmodum
641 2919 738 2980 exeat
769 2933 811 2982 ex
843 2907 907 2981 hac
934 2931 1045 2978 cause.
1092 2907 1271 3000 Denique⁰
1292 2907 1378 2976 inri-

312 3033 445 3104 diosum
471 3035 535 3103 tibi
560 3038 625 3125 sit,
648 3040 675 3105 si
699 3039 883 3107 emanarit:
916 3060 1040 3130 porro,
1079 3042 1114 3105 ei
1150 3033 1377 3130 significetio⁷

311 3162 383 3232 ulla
406 3163 653 3262 intercesserit,
677 3165 824 3255 clarius,
851 3187 954 3258 quam
978 3164 1097 3236 deceat
1120 3176 1180 3234 aut
1205 3164 1376 3259 expediat,

311 3292 382 3363 liat.
433 3291 574 3387 Neque⁸
598 3294 657 3364 ille
683 3305 796 3364 tacere
817 3315 891 3364 eum
912 3315 987 3362 rem·
1008 3295 1158 3387 poterit,
1182 3317 1270 3387 quae
1294 3317 1376 3366 suae

311 3422 383 3516 spei
410 3434 480 3492 tem
499 3432 692 3519 opportuna
715 3419 875 3491 acciderit
897 3444 1052 3516 quaeque
1075 3424 1111 3490 in
1135 3421 1271 3512 negotio
1296 3444 1375 3491 eon-

310 3548 457 3619 ficiendo
480 3562 575 3621 tauto
598 3549 763 3620 illustrior
784 3550 868 3620 erit:
904 3575 1013 3645 quum
1037 3554 1235 3646 praesertim
1258 3551 1287 3619 is
1307 3551 1374 3639 sit,

298 3701 554 3720 mh*

324 3831 328 3838 ,
353 3777 393 3844 (1)
412 3776 457 3830 Sic
477 3777 545 3828 vict.
567 3777 593 3832 1.
617 3778 709 3830 bamb.
734 3779 817 3849 Seqq.
840 3809 874 3820 -
891 3783 985 3846 factor
1007 3783 1085 3833 etune
1111 3782 1171 3850 (stc)
1187 3782 1239 3834 ttd.
1255 3783 1374 3848 -sucto

309 3867 414 3917 rettulit
426 3867 495 3918 Crat.
511 3867 579 3918 Vict.
597 3868 622 3918 2.
660 3868 699 3936 (2)
714 3868 757 3920 Sic
775 3872 874 3940 scripsi.
888 3901 922 3910 —
936 3887 988 3923 orn.
1004 3874 1028 3922 si
1038 3872 1091 3924 ttd.
1105 3871 1173 3924 vict.
1193 3873 1216 3923 1.
1233 3872 1327 3924 Gener.
1339 3901 1374 3912 —

308 3957 430 4006 simultas
453 3957 476 4005 ri
498 3955 566 4008 Vict.
592 3958 618 4007 2.
641 3957 703 4008 Ern.
729 3960 825 4010 Rened.
841 3960 903 4012 Sch.
920 3961 965 4029 (-
979 3963 1003 4010 εἰ
1018 3961 1164 4012 simultates
1178 3966 1199 4012 t.
1214 3979 1240 4012 n.
1254 3963 1373 4027 fuissent

308 4045 392 4114 Neap.
407 4071 443 4086 -ι
459 4045 607 4097 simultates
620 4049 644 4096 si
655 4051 676 4098 t.
692 4064 720 4098 a.
733 4049 849 4114 fuissent
866 4049 935 4102 Crat.
957 4049 1062 4117 bamb.)
1100 4051 1140 4118 (3)
1159 4079 1193 4092 -
1209 4053 1373 4102 severitatem

306 4136 388 4206 Neup.
409 4134 476 4186 Vict.
504 4136 528 4204 2.
555 4137 646 4188 Lamb.
670 4139 820 4190 ceutradld.
859 4140 899 4206 (4)
922 4169 956 4179 -
972 4141 1084 4204 eigrat.
1100 4140 1193 4208 Lamb.
1228 4141 1268 4208 (5)
1288 4168 1322 4180 -
1339 4147 1371 4192 ut

305 4228 328 4276 si
346 4223 437 4275 Lamb.
479 4223 518 4292 (6)
537 4253 571 4264 -
588 4241 669 4276 eausa
683 4244 713 4277 ne
729 4245 781 4294 qua
795 4231 814 4278 i.
833 4227 924 4279 Lumb.
939 4227 1000 4278 llru.
1014 4227 1076 4280 Sch.
1112 4231 1151 4298 (7)
1163 4231 1206 4282 Sic
1219 4234 1320 4301 scripsi·
1336 4263 1371 4275 -

304 4334 357 4366 orn.
374 4317 397 4365 ai
413 4314 605 4381 illd-signis.
621 4317 677 4368 ulla
692 4319 716 4367 oi
728 4317 988 4369 Ceth-intercessit
1011 4318 1063 4371 lld.
1098 4319 1139 4386 (8)
1158 4349 1192 4360 -
1209 4327 1372 4399 nequeenim

299 4406 391 4458 Lumb.
