2978 5186
803 355 865 414 174

305 579 441 658 repetiit,
471 575 534 634 sire
562 567 758 650 polysyndeto
782 583 855 625 nens
876 570 937 634 est,
957 563 989 618 in
1011 557 1133 636 apadoei
1153 564 1271 628 autern,
1291 571 1371 632 quac

305 686 365 744 iam
394 679 503 756 incipit
530 695 547 734 a
575 673 674 732 verbis
692 669 893 750 periculosam
913 674 941 723 et
957 683 1080 745 gravem
1098 659 1184 718 illam
1202 667 1260 718 etc.
1284 676 1369 736 aspc-

306 788 397 848 dctcn
423 780 582 852 achitum
614 775 696 857 quod
722 774 848 853 quidem
878 770 971 830 Caelii
1002 767 1166 826 artificium
1193 783 1256 822 non
1277 761 1373 840 negli-

305 893 439 972 gendum
469 885 547 945 mihi
575 883 697 942 videtur
725 890 755 938 ct
782 875 875 954 verba
903 875 996 934 totius
1023 871 1189 930 sententiae
1218 885 1303 928 nunc
1329 867 1373 925 ita

306 991 517 1058 constituenda
544 997 631 1048 sunt:
673 983 750 1068 Nam
785 983 813 1039 si
848 981 901 1038 loc
937 996 1016 1035 mere
1044 973 1192 1032 moderari
1216 991 1373 1050 possemus

306 1113 341 1162 ut
354 1121 412 1182 pra
430 1097 545 1158 viribus
567 1095 720 1172 ‘copiarum
739 1075 862 1170 tuarum'
876 1084 947 1144 helii
967 1101 1080 1162 queque
1100 1079 1237 1137 aristeret
1256 1077 1372 1157 magui-

306 1206 377 1266 tude
408 1215 450 1279 et,
479 1210 621 1282 quautam
649 1195 765 1278 gloriae
794 1189 998 1268 triumphoque
1030 1183 1102 1264 opus
1131 1191 1219 1255 esset,
1242 1201 1375 1259 asseque-

306 1311 422 1372 remur:
449 1304 650 1387 periculosam
678 1310 705 1358 et
733 1291 855 1378 gravam
884 1293 968 1364 illam
997 1289 1225 1349 dimicationem
1250 1287 1376 1344 evitare·

308 1437 390 1487 mus,
411 1411 491 1471 esitii
510 1421 571 1468 tam
591 1417 664 1466 esset
685 1404 851 1485 optandam.
1234 1391 1374 1450 Bnmnrcr.

354 1519 459 1577 Hauc
488 1523 610 1574 autem
633 1529 738 1570 erema
766 1508 875 1566 ducit
900 1504 1094 1562 rationem.
1136 1499 1192 1558 Pro
1219 1497 1311 1556 leuius
1331 1497 1376 1553 rei

308 1627 471 1693 rationem,
493 1627 528 1678 ut
550 1621 582 1676 in
603 1616 684 1674 Verr.
705 1612 770 1671 Act.
792 1611 830 1671 Il.
854 1610 886 1668 L.
908 1609 931 1666 Ι.
953 1627 979 1666 c.
1001 1604 1051 1666 48.
1078 1622 1168 1661 suam,
1183 1621 1298 1680 quaque
1327 1621 1378 1658 ra-

309 1732 420 1790 tiauem
441 1725 553 1784 ducere.
1266 1706 1378 1766 Esmsr.

307 1866 310 1871 ·
350 1833 379 1915 5
399 1831 430 1892 2.
472 1823 759 1888 successionem
776 1812 1253 1900 futuram--aauaidem
1292 1809 1379 1868 Vide·

309 1951 362 1999 tur
388 1957 449 1997 aaa
469 1953 533 1994 esse
550 1930 650 1990 alieno
668 1928 755 2002 laco,
773 1933 803 1983 et
822 1922 861 1984 ed
873 1922 1015 2002 saturam
1035 1917 1248 1978 revocandum.
1282 1915 1379 1989 llicit,

310 2065 342 2104 se
370 2041 561 2118 intelligere,
589 2033 726 2094 Ciceroni
760 2033 837 2088 ncn'
858 2045 1030 2086 successum
1059 2026 1111 2095 iri,
1142 2031 1265 2101 propter
1291 2020 1378 2078 illam

311 2144 562 2208 controversiam:
602 2159 663 2218 qua
691 2155 751 2194 non
783 2132 966 2211 composita,
1000 2129 1041 2187 dc‘
1073 2130 1182 2188 ceteris
1210 2126 1378 2205 provinciis

310 2252 391 2312 nihil
420 2260 522 2309 aetum
551 2244 600 2303 iri.
643 2240 687 2320 [si
713 2239 815 2298 Cicera
844 2237 902 2294 hcc
928 2236 1112 2312 scripsisset,
1133 2232 1310 2292 accederem
1329 2229 1378 2288 Er·

310 2352 639 2424 nestiiconiecturac;
672 2346 705 2403 in
736 2343 830 2404 Caelii
857 2350 959 2400 autem
981 2338 1132 2424 scripturn
1158 2336 1237 2396 nihil
1258 2333 1381 2422 videtur

311 2457 504 2529 mutandum,
537 2453 593 2514 'Sic
622 2460 726 2532 postea
746 2449 844 2510 eidem
865 2468 936 2512 cnm
957 2447 1103 2523 lambino
1123 2444 1261 2525 placebat
1282 2445 1380 2501 risam

313 2574 356 2624 est
385 2573 411 2622 te
432 2563 539 2642 facere
570 2557 738 2629 certiorem,
767 2549 821 2615 ulti
852 2554 975 2633 ¹vulgata
1004 2552 1097 2612 Caelii
1123 2551 1193 2610 stilo
1213 2550 1286 2608 eatis
1306 2567 1381 2608 con-

312 2671 416 2728 venire
436 2666 567 2726 ridetur.
588 2661 715 2742 Seniiru]
1267 2652 1378 2711 Enmsr.
1418 2629 1420 2636 ,

355 2780 532 2830 moretur.
573 2769 706 2839 Passim,
736 2767 828 2840 dixit,
861 2765 987 2842 antiqno
1019 2781 1110 2820 more.
1159 2760 1206 2818 Sic
1233 2761 1267 2816 in
1291 2756 1383 2834 Agra·

274 2875 279 2880 ’
314 2881 360 2938 ria
386 2877 427 2935 Il.
447 2895 474 2934 c.
493 2873 543 2932 21.
588 2871 705 2953 Agrum
724 2872 856 2950 racipere
877 2869 1072 2942 nominatim,
1093 2866 1147 2944 qui
1159 2863 1303 2943 publicas
1324 2881 1385 2921 esee

308 2984 453 3063 fateatur.
1278 2968 1382 3027 llennr.

356 3121 418 3134 -·—
436 3117 498 3144 ‚--
538 3081 702 3164 Accipiunt
729 3076 971 3156 impersonaliter
992 3063 1122 3150 dictum,
1145 3093 1197 3152 pra
1215 3093 1300 3140 mara
1313 3071 1383 3150 fiat.

316 3192 374 3252 Sed
390 3189 510 3249 -mclius
538 3204 692 3244 moremur.
734 3183 808 3242 Nam
839 3181 925 3242 illiue
953 3179 1068 3240 formae
1098 3179 1271 3257 exemplum
1288 3178 1384 3240 .desi-

277 3277 281 3282 ⁵
316 3297 399 3356 dero.
441 3290 566 3370 [Nempe
602 3291 634 3348 in
670 3288 822 3346 Cicerone.
874 3285 928 3343 llic
957 3294 1058 3344 autem
1087 3283 1205 3342 Coelius
1236 3292 1301 3358 cst,
1329 3284 1384 3361 qui

317 3401 431 3462 scribit.
460 3395 585 3473 Samira]
609 3379 612 3396 ‚
1272 3387 1383 3446 Esnssr.

358 3538 420 3554 ...-
439 3533 502 3552 ...-
538 3497 658 3557 Ernesti
684 3503 773 3575 putat
801 3493 964 3571 legendum
993 3510 1057 3550 esec
1080 3493 1120 3566 ¹ia
1146 3491 1193 3549 his
1222 3492 1311 3550 tricis
1326 3511 1385 3548 ma·

218 3667 222 3688 ,
319 3629 425 3668 remur.
469 3607 570 3679 Quam
603 3601 782 3658 sententiam
812 3599 912 3656 statim
940 3596 1152 3674 amplecterer,
1181 3597 1207 3654 si
1235 3597 1268 3654 in
1298 3595 1386 3654 libris

324 3713 457 3793 antiquis
486 3714 642 3787 appareret
669 3701 812 3777 rueretur,
843 3703 924 3762 sicut
950 3701 1061 3761 editur.
1103 3683 1176 3760 llihi
1204 3703 1300 3779 igitur
1319 3701 1388 3761 Coc·

321 3823 383 3880 lins
413 3817 535 3876 ridetur
565 3811 720 3888 scripsisse
747 3827 829 3866 mora
856 3807 947 3865 detur.
979 3807 1054 3864 llam
1075 3805 1113 3864 dc
1133 3825 1217 3866 mora
1238 3806 1387 3866 nectenda

321 3935 396 3984 tunc
430 3919 570 3998 inprimis
608 3914 733 3976 consilia
770 3912 925 3990 agitabant
957 3910 1090 3971 Caesarie
1123 3911 1263 3972 asseclae.
1305 3912 1389 3971 Sicut

324 4035 426 4089 autem
452 4025 546 4082 dictio
575 4021 630 4078 illa
658 4029 769 4096 tempus
793 4017 862 4075 dore
887 4036 948 4074 ncn
969 4035 1037 4074 raro
1061 4017 1210 4090 accurrit,
1231 4017 1275 4074 ita
1295 4017 1388 4074 etiam

319 4152 437 4194 ,meram
453 4130 538 4203 dare,
555 4144 609 4205 pro
626 4143 737 4182 moram
756 4121 880 4200 afferre,
906 4122 978 4198 pani
1003 4130 1109 4199 potest.
1148 4119 1264 4180 Erroris
1285 4136 1390 4180 autem

324 4257 432 4313 cansa,
470 4242 505 4292 ut
541 4231 660 4290 librarii
699 4247 754 4306 pro
792 4226 876 4283 detur
912 4226 1078 4285 scriberent
1113 4234 1207 4295 retur,
1248 4245 1311 4284 non
1344 4234 1393 4284 est

324 4346 460 4406 obscura.
502 4337 576 4399 llam
608 4333 713 4396 multis
742 4331 817 4393 lacis
840 4330 945 4392 literae
971 4329 995 4390 ll
1019 4329 1092 4392 etli
1115 4349 1132 4389 a
1155 4319 1290 4390 librariis
1311 4349 1395 4390 eom·
