2978 5186
624 385 685 444 137

125 595 171 650 ris
199 593 243 650 ita
265 593 387 650 tractim
415 591 602 670 legensfad
631 591 788 670 epistolam
818 595 975 668 pervenies
1003 598 1122 654 tertiam
1151 598 1188 656 ab

126 697 185 756 hac
216 704 246 754 et
274 697 470 774 vigesimam,
497 697 540 756 sic
570 696 710 755 videlieet
737 697 954 775 incipientemz
972 696 1036 780 (10)
1063 699 1189 762 Duabus

130 803 196 858 sins
216 799 350 879 epistolis
370 801 564 878 respondebo:
587 802 783 881 clausamque
801 803 858 861 hae
875 803 946 877 fini,
965 802 1002 862 Si
1018 805 1097 862 onim
1111 785 1190 865 nibil

127 916 170 964 est
186 907 221 963 in
233 906 421 984 perietibus,
441 916 493 965 ont
511 909 546 964 in
563 916 637 964 teoto
653 909 745 982 eitiij
755 915 871 966 caetero
887 906 964 966 mibi
975 908 1188 986 probabuntur.

124 1011 195 1069 Post
211 1030 297 1083 eam,
318 1030 397 1090 quae
415 1012 517 1069 statim
533 1013 677 1090 consequi
694 1011 784 1070 debet
803 1011 941 1090 epistola,
956 1033 1035 1091 quae
1053 1034 1136 1074 nunc
1151 1015 1189 1073 ab
1232 1061 1236 1068 .

126 1114 181 1174 illa
202 1115 364 1174 undecima
375 1161 383 1190 ,
394 1113 459 1197 (11)
476 1117 519 1176 sic
536 1117 673 1175 ordines:
689 1114 916 1174 Delectoeerunt
932 1137 977 1174 mo
995 1127 1062 1176 tnoe
1079 1118 1188 1178 literas.

124 1219 306 1299 Comprobat
326 1220 409 1279 huno
431 1220 568 1280 ordinem
589 1240 680 1299 quem
701 1223 876 1297 posuimus,
898 1240 959 1279 non
977 1222 1077 1281 solum
1093 1225 1189 1284 codex

124 1335 274 1405 uterque,
292 1325 341 1384 vel
358 1325 411 1384 ille
430 1325 592 1403 antiquus,
611 1323 659 1382 rel
677 1323 728 1382 hic
747 1344 783 1383 ex
804 1342 838 1382 eo
849 1326 951 1383 atatim
964 1336 1070 1400 natus,
1090 1348 1107 1387 a
1126 1350 1188 1408 quo

124 1439 260 1489 caeteros
288 1448 411 1508 quoque
440 1429 554 1489 omneis
581 1426 767 1507 Bibliopolas
786 1429 861 1487 vitio
880 1429 1056 1508 depravatos
1072 1433 1189 1512 liquet,

124 1539 177 1597 sed
205 1538 379 1597 intellectus
407 1539 515 1610 etiam,
545 1557 710 1618 sensusque
740 1539 804 1617 lpse
832 1539 902 1598 luce
929 1535 1057 1609 clarior,
1085 1539 1129 1597 sic
1155 1549 1190 1598 ut

123 1644 246 1702 acutius
266 1643 460 1722 inspicienti,
479 1642 632 1723 quidquid
650 1661 778 1722 usquam
793 1662 915 1723 prorsus
933 1641 1054 1702 obscuri
1075 1652 1190 1702 estam·

124 1748 291 1827 biguique,
320 1745 453 1805 tollatur.

249 1887 308 1946 Ion.
326 1885 424 1946 Bio1os
442 1885 598 1964 Assensms,
618 1887 795 1945 Familiares
813 1886 971 1966 Expositis
990 1887 1067 1966 Epp.

408 1988 560 2050 Ciceronis
578 1991 617 2051 ad
636 1994 760 2051 initium
777 1993 807 2052 L.
831 1991 909 2051 VIII.

165 2135 256 2195 Totus
276 2135 328 2196 hic
349 2145 471 2195 octavus
490 2135 570 2194 liber
590 2146 634 2196 est
651 2136 742 2196 Marci
757 2136 869 2208 Caelii,
886 2137 952 2196 eius
968 2135 1130 2207 videlieet,
1149 2137 1189 2196 ad

123 2259 217 2319 quem
246 2239 301 2299 lib.
325 2238 355 2298 2.
386 2259 403 2298 a
430 2239 573 2299 Cicerone
599 2242 728 2318 scriptae
754 2250 825 2302 sunt
843 2240 1015 2319 complures
1033 2240 1186 2319 epistolae.

124 2344 254 2420 Verum,
283 2346 359 2422 qula
389 2337 427 2403 ad
453 2317 627 2422 Ciceronem
655 2345 784 2422 scriptae
803 2353 893 2415 sunt,
915 2353 945 2403 et
962 2344 1001 2403 ad
1022 2343 1189 2408 Ciceronia-

104 2470 202 2532 ¹num
221 2449 333 2528 stylum
355 2448 520 2524 accedunt,
541 2451 622 2508 inter
639 2449 848 2510 Ciceronianus
866 2458 1090 2528 eoruputantur.

243 2591 378 2650 l’unnrus
398 2590 609 2667 Mimnermus,
632 2590 863 2651 Commentarius
886 2592 926 2650 od
945 2589 1097 2651 Ciceronis

411 2695 488 2776 Epp.
508 2695 590 2755 Fam.
612 2696 651 2755 ad
671 2698 738 2755 init.
760 2697 791 2755 L.
813 2695 892 2755 VIII.

165 2835 262 2894 Huius
282 2835 354 2894 libri
375 2837 518 2915 epistolae
535 2856 597 2895 non
617 2847 678 2896 tam
700 2845 822 2916 propter
842 2836 1047 2916 eloquentiam
1058 2883 1067 2916 ,
1094 2859 1188 2918 quam

64 3005 66 3011 s
122 2940 426 3020 propterhistoriam
448 2941 593 3033 legendae
613 2950 692 3001 sunt.
713 2942 790 3001 Sunt
807 2949 909 3000 autem
926 2945 1054 3022 scriptae
1064 2945 1187 3005 absente

155 3131 215 3199 (10)
250 3131 317 3182 Ilaec
328 3144 366 3184 est
384 3135 460 3200 epist.
477 3131 523 3184 XV
537 3132 598 3183 libri
613 3132 659 3184 III.

154 3222 214 3289 (11)
249 3221 316 3273 Ilaec
340 3225 430 3274 iterum
454 3239 486 3273 ex
506 3222 615 3289 vulgetis
639 3222 698 3272 edd.
719 3220 829 3289 intelligi
852 3233 1040 3290 nonpossunt,
1058 3226 1188 3291 quomodo

120 3313 199 3380 epist.
210 3310 271 3363 XVI
282 3311 343 3362 libri
359 3313 394 3363 IX
405 3313 483 3364 luerit
498 3312 635 3363 undecima
650 3321 705 3380 post
719 3311 767 3378 up.
781 3310 828 3361 XV
842 3310 903 3361 libri
919 3310 972 3374 IX,
988 3313 1009 3362 si
1018 3312 1188 3382 relepistolae

122 3413 181 3453 octo
189 3400 250 3452 libri
261 3401 320 3452 Vlll
329 3403 474 3455 interiectae
485 3411 577 3452 essent.
592 3400 644 3454 Sed
653 3401 793 3451 tenendum
802 3410 850 3464 est,
862 3403 891 3450 in
899 3399 1018 3468 plurimis
1028 3398 1113 3464 libris,
1123 3403 1190 3454 siout
1218 3401 1231 3410 ⁹

119 3494 149 3542 in
166 3493 275 3559 Torgav.
292 3492 336 3542 Ilr.
352 3492 374 3542 1.
391 3493 425 3542 II.
443 3491 476 3554 V,
488 3502 546 3542 ante
561 3489 696 3559 epistolam
711 3489 746 3540 VI
756 3489 817 3540 libri
832 3488 893 3541 VIII
904 3491 987 3557 repeti
1006 3490 1140 3558 epistolum
1153 3491 1189 3542 lx

117 3580 182 3632 libri
199 3582 241 3645 Il,
261 3598 327 3649 quae
343 3599 357 3632 s
375 3581 500 3633 Cicerone
518 3580 605 3631 eidem
621 3579 711 3632 Coelio
726 3581 817 3648 scriptu
833 3589 894 3630 crat.
928 3579 1004 3630 Porro
1022 3581 1191 3633 animadverti

118 3671 217 3735 debet,
235 3673 263 3722 in
277 3671 397 3739 plurImis
410 3671 501 3734 llbris,
519 3680 548 3720 ut
563 3672 591 3720 in
609 3670 716 3737 Torgav.
732 3668 775 3718 Dr.
791 3669 811 3719 1.
825 3669 859 3718 Il.
878 3667 909 3718 V.
920 3669 978 3719 Asc.
987 3669 1008 3718 Ι.
1018 3669 1074 3720 Nic.
1083 3670 1191 3723 Souelsii

118 3761 191 3813 liltrc
205 3771 252 3811 etc.
269 3761 330 3810 iude
346 3777 361 3810 a
375 3759 461 3810 verbis
478 3758 505 3822 ᾗ.
522 3757 563 3808 17.
579 3760 654 3826 epist.
672 3758 742 3808 VIII.
758 3756 820 3807 libri
841 3755 907 3808 VIII.
926 3758 968 3825 [h.
985 3759 1034 3810 ud.
1051 3759 1100 3827 Ep.
1119 3759 1189 3812 VIII.

119 3852 147 3918 §.
161 3851 189 3900 6.
204 3850 256 3918 m.]
281 3849 356 3912 Quod
368 3849 407 3900 Μ.
424 3845 566 3900 Marcellus
578 3845 667 3895 consul
680 3845 714 3894 V.
733 3845 766 3895 F.
781 3845 958 3911 deprooineiis
973 3846 1063 3894 consul
1073 3865 1190 3900 -uoram

118 3941 256 4012 epistolam
268 3939 336 3990 male
354 3938 477 3989 inchoari.
501 3935 530 3987 si
542 3936 620 4002 igitur
630 3934 675 3984 hus
690 3933 752 3984 duas
768 3933 900 4002 epistolas,
917 3950 981 4000 quae
999 3935 1026 3984 in
1040 3934 1114 3987 libris
1129 3955 1188 3989 ms-

119 4033 261 4100 nuseriptis
281 4030 360 4081 simul
383 4029 434 4079 illis
458 4027 519 4078 VIII
536 4025 650 4094 epistolis
666 4040 784 4092 perverse
799 4024 971 4085 adiiciuntur,
989 4021 1109 4074 Politiani
1125 4043 1188 4078 sen·
1276 4069 1288 4080 ,

116 4105 201 4173 tentia
219 4122 297 4171 etiarn
321 4119 515 4180 numeraveris,
534 4116 557 4166 X
572 4115 716 4198 efficientur
730 4113 871 4182 epistolae,
893 4129 958 4180 quae
973 4113 1041 4164 inter
1055 4115 1189 4182 epistolam
1251 4181 1254 4202 Ι

119 4211 169 4262 XV
187 4220 212 4261 et
227 4209 284 4261 xvl
296 4208 358 4260 libri
378 4207 413 4259 IX
429 4206 549 4275 leguntur
566 4215 591 4254 et
607 4206 642 4255 ita
658 4222 699 4274 ep.
716 4202 776 4254 XVI
790 4203 851 4257 libri
867 4201 901 4252 IX
915 4210 982 4252 recte
998 4201 1091 4253 dicitur
1105 4206 1189 4256 unde·-

118 4304 190 4352 cimo
212 4317 266 4353 esse
289 4299 321 4350 ab
343 4298 387 4349 illu
410 4315 451 4366 ep.
476 4294 523 4346 XV
542 4294 603 4345 libri
613 4293 667 4360 IX,
682 4294 748 4346 sicut
764 4309 841 4361 supra
857 4291 991 4360 epistolam
1006 4291 1042 4344 lx
1056 4291 1115 4344 libri
1126 4295 1188 4348 VIII

117 4389 292 4461 appellaverat
308 4391 452 4456 sequentem
470 4385 600 4436 decimam.
