2978 5186
613 359 674 420 135

109 560 261 622 bledioeae
278 541 463 624 bibliotheca
473 563 528 646 (1)
555 565 596 626 De
615 565 672 626 hoo
692 567 795 646 itaque
813 587 875 628 uuo
885 612 894 645 ,
912 579 1062 651 quantum
1081 575 1197 634 eonii·-

106 666 208 739 ciam,
234 669 339 728 cuncti
362 668 454 747 plane
483 679 634 750 quotquot
657 681 760 734 extant
780 676 880 736 adhuc
897 679 1093 756 epistolarum
1123 700 1175 740 ea-

105 771 248 832 rumdem
265 773 402 845 codices,
420 793 477 834 eeu
494 775 533 834 de
548 775 802 859 iontecapiteque
813 794 974 841 manarunt
984 828 994 858 ,
1010 785 1043 842 in
1059 784 1172 862 quibus

104 878 251 937 omnibus
278 888 487 958 praeposterus
516 890 546 940 et
574 902 733 962 perversus
758 884 896 945 lectionis
916 887 1004 962 ordo,
1022 889 1077 966 qui
1095 890 1174 947 mihi

105 1001 191 1042 nune
208 983 277 1042 loco
296 984 520 1060 restituendus,
539 989 687 1066 quasique
705 989 928 1049 instaurandus.
951 992 1048 1066 Quare
1059 992 1170 1051 adhibe

103 1107 219 1167 quaeso
238 1090 396 1159 animum,
414 1090 591 1167 quicunque
607 1091 740 1151 liberalis
756 1092 810 1152 hae
827 1093 927 1153 literas
949 1096 1147 1174 amplecteris.

146 1193 246 1270 Igitur
273 1194 307 1250 in
336 1192 417 1251 libro
445 1202 551 1252 octavo
577 1193 670 1254 Caelii
701 1199 828 1277 epistola
855 1200 893 1258 ad
918 1200 1092 1260 Ciceronem
1116 1199 1171 1260 vsic
1235 1243 1238 1252 .

104 1299 233 1376 incipit:
255 1294 300 1378 (2)
324 1294 422 1372 Certe,
448 1299 589 1377 iuquam,
614 1301 764 1361 absolutus
796 1283 855 1376 eat,¹
874 1285 1172 1383 mebepraeseatonte

97 1403 330 1482 pronuntiatum
356 1411 414 1474 est,
433 1411 461 1460 et
475 1403 594 1481 quidem
609 1406 745 1465 omnibus
759 1407 933 1483 ordinibus,
952 1407 1004 1464 sed
1022 1416 1049 1464 et
1069 1385 1171 1488 sitigo-

102 1508 193 1565 tiata
208 1525 383 1586 unoquoque
398 1527 503 1587 genere
519 1511 680 1571 sententiis.
725 1511 802 1571 Virta
818 1513 920 1587 modo,
942 1513 1059 1590 inquis.
1092 1515 1169 1572 Huc·
1200 1521 1204 1532 ¹

100 1631 202 1691 nsque
226 1611 298 1670 ordo
326 1613 461 1670 nondum
490 1613 709 1692 interpellatus.
752 1618 832 1691 Quae
861 1626 963 1678 autem
990 1618 1092 1678 statim
1121 1637 1163 1676 se·

99 1725 242 1797 quuntur
258 1715 352 1775 rerba
367 1715 463 1774 literis
484 1717 644 1776 ostenderis
666 1729 720 1778 etc.
738 1720 858 1781 diversa
878 1739 999 1801 prorsus
1020 1741 1037 1782 a
1055 1724 1170 1800 superi·

135 1879 176 1948 (l)
211 1879 458 1938 Praestantissimum
478 1877 599 1929 Codicern
616 1882 652 1930 sie
667 1880 790 1932 describit
807 1884 839 1932 Α.
856 1882 889 1932 ll.
904 1881 1057 1947 Binotnrus,
1081 1885 1169 1949 ¹Calu-

96 1969 174 2040 logus
186 1969 359 2019 Bibliothecae
376 1967 504 2036 Medicepe
520 1969 716 2020 Laurentianae
732 1969 790 2021 Vol.
808 1971 832 2022 2.
843 1989 870 2039 p.
886 1971 944 2021 465.
962 1988 1035 2040 sqq.·

484 2057 566 2126 (Plut.
581 2058 672 2110 XLIX.
690 2060 754 2112 uod.
771 2061 828 2129 tx.)

132 2149 250 2200 »llarci
266 2147 375 2199 Tullii
389 2147 560 2198 Ciceronis
573 2147 804 2218 Epistolarum
821 2150 857 2200 ad
872 2148 1062 2202 Familiares
1077 2151 1171 2204 Libri

97 2237 179 2290 ΧΠ.
196 2237 466 2306 Exemplasomoium
482 2237 704 2301 vetustissimum,
725 2249 751 2289 et
764 2257 816 2306 quo
825 2251 956 2306 tamquam
964 2241 1100 2310 archetypo
1109 2260 1170 2294 usus

97 2338 136 2380 est
151 2328 300 2379 franciscus
316 2325 449 2377 Petrarcha
464 2327 496 2376 ad
517 2326 583 2377 illud
604 2327 824 2392 exscribendum,
850 2329 920 2396 quod
934 2331 1067 2381 innuimus
1083 2332 1169 2399 paullo

96 2428 157 2469 aute
174 2417 222 2468 sub
234 2433 307 2466 num.
322 2415 380 2467 Vtt.
414 2416 477 2466 lleie
494 2415 603 2482 singulis
618 2417 721 2488 Libris,
741 2420 826 2485 primo
846 2429 970 2487 excepto,
991 2419 1170 2488 praefiguntur

94 2510 204 2560 nomina
218 2525 325 2570 eorum,
343 2505 374 2555 ad
390 2523 456 2572 quos
470 2507 607 2556 mittuntur
622 2506 765 2574 Epistolae,
776 2508 830 2558 sire
839 2507 1011 2575 Epistularum
1020 2511 1168 2579 inscriptio-

96 2616 164 2662 nes,
190 2607 215 2648 et
238 2597 346 2665 quidem
367 2595 509 2647 charactere
532 2595 662 2662 grandiori
682 2606 803 2646 armatae.
838 2595 933 2647 Graeca
950 2597 1028 2648 rerba
1041 2601 1095 2650 suis
1111 2610 1170 2650 suut

93 2688 160 2739 locis
173 2689 289 2756 apposita
303 2686 446 2736 charactere
472 2686 533 2734 item
551 2684 681 2752 quadrato.
717 2684 758 2735 sd
772 2683 867 2735 calcem
882 2703 941 2755 pag.
960 2686 1016 2737 118.
1034 2689 1058 2737 b.
1075 2687 1169 2756 legitur

93 2795 176 2828 mauu
190 2775 284 2844 Augeli
298 2775 431 2825 Politiani:
445 2777 549 2841 require
573 2777 677 2847 signum
693 2774 738 2824 boe
747 2780 762 2812 *
772 2775 807 2824 ad
819 2777 901 2842 finem
917 2779 1023 2826 octavae
1032 2779 1149 2842 paginae
1157 2795 1168 2836 ;

93 2886 147 2936 qua
161 2867 269 2935 quidem
285 2866 445 2916 adnotatione
461 2865 588 2915 indicatur
597 2865 757 2932 transpositio
766 2863 810 2914 illa
823 2863 994 2932 Epistularum
1011 2865 1082 2916 Libri
1096 2866 1167 2916 Vlll.

93 2975 175 3028 quarn
191 2955 419 3006 animadvertimus
437 2957 465 3004 in
481 2953 620 3005 (lodicibus
630 2953 821 3022 superioribus,
837 2971 864 3005 ac
877 2956 1014 3022 praecipue
1030 2957 1059 3005 in
1069 2953 1167 3020 Codice

93 3048 106 3098 1
122 3047 148 3097 ἃ
163 3046 210 3096 lv,
244 3043 316 3113 Quae
337 3054 425 3094 eutem
446 3045 599 3112 paginarum
614 3044 726 3093 inversio
744 3045 771 3092 iu
787 3043 908 3112 Epistolis
923 3043 1030 3094 huiusce
1046 3045 1119 3095 Libri
1134 3045 1168 3096 ob

91 3135 250 3204 bibliopolae
279 3136 405 3184 incuriam
429 3136 565 3201 contigisse
589 3133 716 3184 indicatur
737 3132 769 3182 ab
794 3133 894 3200 angelo
917 3133 1042 3184 Politiauo
1063 3136 1091 3184 in
1114 3136 1166 3186 suis
1204 3195 1207 3212 .

90 3225 262 3277 llliscellaneis
279 3223 341 3292 Gap.
359 3222 455 3286 XXV„
474 3241 503 3273 eo
518 3225 546 3272 in
559 3230 679 3291 praesent
696 3222 766 3272 nulla
783 3233 835 3285 est,
857 3223 902 3273 sed
916 3225 1002 3273 omnia
1016 3235 1083 3274 reete
1102 3241 1165 3292 pro-

92 3315 247 3383 grediuntur
265 3315 336 3362 iuxta
358 3314 401 3363 citt
418 3312 578 3375 editionem,
606 3313 629 3362 si
642 3310 739 3378 aliquot
757 3311 933 3362 tantummodo
947 3313 1075 3381 Epistulas
1092 3315 1167 3364 exei-

93 3406 164 3473 pias,
183 3405 278 3472 partim
292 3403 320 3451 iu
334 3401 397 3452 dua's
409 3401 522 3465 divisas,
536 3403 628 3469 partim
643 3419 675 3451 ex
691 3401 791 3452 duabus
807 3419 886 3451 unam
900 3402 1055 3467 conflatam,
1070 3404 1164 3470 partim

90 3481 172 3544 etiam
185 3511 219 3542 ex
233 3491 290 3545 aliis
301 3491 374 3542 libris
388 3492 415 3540 iu
427 3490 497 3540 huno
513 3489 651 3540 translatas.
661 3518 677 3529 -
686 3519 702 3529 —
713 3518 729 3529 -

127 3583 241 3634 »Codex
261 3581 473 3632 membranaceus
490 3573 542 3630 llS.
558 3579 623 3628 int.
637 3578 709 3630 Sacc.
724 3579 769 3628 Xl.
787 3580 883 3630 formae
900 3579 1055 3648 quadratae,
1077 3599 1165 3650 quan-

89 3675 151 3725 tivis
174 3675 269 3743 pretii,
294 3682 409 3723 constans
431 3669 642 3740 quaternionibus
664 3669 780 3720 XXXllI
800 3679 828 3719 ut
844 3687 877 3742 err
890 3672 1021 3721 numerica
1035 3681 1093 3721 nota
1108 3671 1162 3723 llo·-

88 3781 167 3814 mana
186 3761 314 3813 adfinem
331 3760 491 3828 singulorum
506 3761 618 3828 apposita
634 3761 749 3822 eruitur,
768 3770 793 3810 ct
811 3761 837 3808 in
855 3737 909 3809 siue
926 3759 1012 3810 ultimi
1031 3755 1161 3828 praeterea

89 3861 194 3904 notatur
207 3869 283 3901 num
297 3851 356 3900 309.
371 3850 447 3900 ahll.
463 3849 524 3915 Ιι..ἰ3
540 3849 738 3915 diligentissime
753 3848 858 3900 collatus
872 3850 915 3900 dre
933 3850 1075 3903 2l0otobr.
1087 3853 1160 3904 1740.
1241 3847 1248 3860 '

91 3953 205 3993 etnum.
222 3940 247 3992 9.
264 3940 336 4007 desig
321 3950 420 3990 «mustus
447 3939 550 3991 Constat
565 3936 634 3989 totns
645 3939 758 4006 seriptis
754 3939 817 3988 210
843 3939 874 3988 ln
892 3937 1011 4008 Catalogo
1025 3943 1162 3994 llontfauc

88 4031 139 4082 sub
156 4049 229 4081 num.
248 4030 343 4080 Vlllss’

127 4120 180 4188 (l)
204 4118 362 4186 Haectulgo
378 4116 536 4186 estepistola
553 4116 651 4166 Illibri
668 4115 737 4167 Vlll.
756 4117 797 4185 [h.
813 4115 860 4166 lld.
877 4120 939 4168 item
954 4120 1003 4188 ttp.
1019 4121 1118 4188 ll.]'1'
1133 4122 1161 4170 F.
1217 4166 1222 4174 ,

89 4211 255 4261 strenuus.
289 4209 372 4258 lluius
396 4209 472 4258 etiam
498 4207 612 4276 reliquae
634 4216 694 4258 sunt
714 4195 902 4258 annotationes
896 4210 1014 4277 ,quibus
1030 4211 1162 4261 commode

88 4295 217 4369 explicuit
241 4301 309 4370 Aug.
333 4301 452 4352 Politiani
473 4300 687 4369 disputationem,
712 4319 725 4349 a
748 4319 773 4352 se
801 4309 966 4352 memoratam
989 4302 1015 4350 in
1033 4299 1114 4352 Praei.
1132 4299 1174 4350 ad.

84 4391 117 4442 L.
137 4391 207 4444 Vlll·
226 4391 294 4461 ttpp.
314 4385 464 4454 Ciceronis,
486 4391 516 4441 t.
534 4389 556 4440 l.
574 4409 600 4459 p.
619 4387 685 4440 657
685 4407 723 4458 sq.
1068 4393 1070 4398 '
