2978 5186
543 557 735 588 “CO-¹·-

479 751 699 814 muer.
751 757 786 814 1.

139 973 277 1054 Epistola
312 974 448 1034 Ciceroni
485 985 566 1036 certe
607 980 784 1058 perspicua,
816 982 1018 1060 omninoque,
1052 990 1085 1040 ut
1126 983 1164 1041 ad

99 1079 305 1151 familiarem,
325 1081 479 1158 eleganter
503 1083 624 1160 scripta.
1044 1087 1168 1148 Wurou.

136 1183 169 1266 5.
205 1183 233 1243 1.
274 1184 492 1245 decedens.
534 1185 640 1246 Unde?
666 1187 712 1247 Ab
734 1190 800 1268 ipoo
829 1190 986 1252 Cicerone:
1014 1213 1106 1272 quem
1132 1196 1165 1254 in

98 1291 291 1369 provinciam
315 1299 438 1349 euntem
461 1299 638 1370 proaecutua
660 1303 732 1352 erat.
775 1295 823 1354 Sic
843 1296 1082 1373 proticiscentem
1101 1297 1165 1376 Ap-

98 1397 188 1472 pium
214 1395 248 1452 in
275 1394 428 1468 Ciliciam,
452 1397 496 1455 aic
513 1388 666 1456 Valerium
688 1398 790 1458 Cicero
807 1409 983 1478 prosecutus
1004 1411 1066 1462 eat:
1086 1414 1119 1460 ut
1132 1403 1164 1462 L.

100 1497 155 1558 llI.
174 1518 223 1578 ep·
242 1497 290 1558 10.
306 1495 336 1579 ς.
358 1497 386 1558 8.
408 1500 481 1578 ctL.
502 1499 582 1560 XIII.
603 1520 649 1580 ep.
671 1501 699 1560 6.
714 1501 744 1582 ᾗ.
758 1504 783 1561 l.
812 1504 880 1582 Ipae
898 1505 1015 1574 Coelius
1033 1507 1090 1566 hcc
1108 1509 1166 1566 iter

98 1603 256 1680 significat
265 1647 275 1678 ‚
292 1603 477 1682 subiungens
494 1603 525 1684 ᾗ.
536 1603 565 1664 2.
582 1603 708 1663 Romam
727 1627 794 1666 cum
808 1610 960 1669 ceniarum.
987 1609 1165 1670 Decedere

99 1718 204 1768 autem
222 1708 403 1787 simpliciter
420 1711 532 1788 accipit
553 1711 671 1770 Coelius
692 1731 745 1788 pro
767 1712 935 1790 discedere,
954 1725 989 1773 ut
1006 1715 1097 1794 Epist.
1120 1716 1166 1777 10.

100 1814 145 1894 [h.
172 1813 226 1874 Ed.
251 1815 302 1873 XI.
331 1813 374 1893 7.]
404 1813 463 1872 Mei
491 1812 585 1892 officii
610 1805 656 1872 ert
681 1817 864 1890 meminisse,
894 1837 952 1896 qao
979 1819 1166 1878 oblectatione

101 1919 244 1978 decedam
268 1917 361 1990 milii,
388 1939 424 1976 ae
449 1929 568 1998 paterer
584 1918 675 1996 fieri,
697 1920 857 1979 mandaria.
900 1922 1043 1982 Usitatiuo
1064 1906 1164 1984 tamea

100 2034 144 2084 eet
164 2025 204 2083 de
223 2024 449 2102 magistratibus
471 2043 487 2082 e
506 2025 663 2102 provincia
681 2023 916 2085 decedentibus:
943 2027 1015 2086 licet
1042 2030 1167 2108 privatis

100 2149 225 2209 quoque
247 2129 509 2201 accommodetur,
536 2137 571 2188 ut
589 2129 620 2187 in
642 2138 716 2186 orat.
737 2148 791 2206 pro
809 2130 932 2204 Quintio
953 2149 979 2190 c.
1004 2131 1032 2192 4.
1074 2131 1188 2192 Dece·'

101 2235 146 2293 dit
165 2253 203 2292 ea
230 2233 329 2292 Gallia
348 2233 473 2292 Romam
494 2233 585 2294 simol
605 2233 744 2292 Naeuiae.
1023 2236 1166 2298 Mercrius.-

140 2341 259 2399 cciar
286 2341 372 2398 otii.
414 2338 521 2397 Editur
541 2359 557 2396 e
578 2339 644 2398 ldae.
664 2339 789 2418 quoius,
821 2347 855 2396 ut
875 2339 955 2398 inira
975 2341 1026 2420 Ep.
1051 2341 1097 2403 17.
1120 2341 1164 2422 [h.

98 2445 152 2504 ua.
184 2443 283 2503 xxva.
315 2443 357 2524 1.]
386 2452 416 2502 a
444 2444 495 2522 ep.
524 2441 749 2522 2.[a.ud.11.
772 2445 811 2524 a]
833 2445 951 2523 qaam
970 2429 1025 2524 pre
1048 2447 1164 2522 aaron,

99 2569 117 2608 a
136 2549 304 2608 nonnullis.
346 2548 403 2607 Sed
421 2549 522 2608 sordeo
540 2551 612 2608 ictae
633 2551 818 2629 antiquariae
837 2553 945 2610 emovi.
1043 2552 1164 2616 Eramrr.

143 2685 208 2698 -·
229 2667 290 2697 --'
330 2651 446 2712 Ernesti
470 2653 593 2734 quidem
616 2655 699 2712 >hanc
719 2655 879 2719 lectionem
902 2657 1008 2734 quoiam
1023 2658 1163 2718 cordibus

98 2759 297 2819 librariorum
327 2759 534 2818 adnumeravit
564 2759 693 2838 ideoque
724 2760 828 2830 eiecit,
860 2761 914 2818 aed
939 2762 1013 2839 quia
1039 2762 1163 2822 Plautus

99 2865 196 2934 simili
225 2867 341 2924 ratione
372 2863 493 2922 locutae
523 2873 568 2920 eat
596 2872 687 2942 atque
710 2863 827 2922 Coelius
855 2866 946 2922 etiam
971 2865 1004 2924 in
1021 2859 1089 2924 aliia
1106 2887 1162 2926 au·
1243 2883 1248 2900 ⁸

96 2971 202 3048 IIquee
230 2968 387 3027 latinitatis
413 2976 457 3025 eat
487 2966 658 3038 studiosae,
687 2967 724 3026 ab
754 2967 808 3029 illa
836 2967 985 3030 librorum
1006 2971 1161 3050 antiquio-

98 3093 169 3132 rum
190 3072 320 3132 lectione
339 3071 542 3132 recedendum
563 3091 623 3130 uon
644 3083 726 3151 puto.
1021 3074 1164 3138 arianae

137 3197 316 3255 quaeqae
348 3177 388 3235 de
416 3196 456 3234 eo
487 3196 573 3256 aper
601 3179 665 3236 rit.
707 3177 803 3255 Vulgo
831 3188 892 3248 eat,
920 3177 1010 3262 plane¹
1034 3182 1165 3240 vitiooez.
1218 3223 1220 3228 ·

100 3303 173 3342 nam
202 3283 372 3360 praecedit,
403 3282 643 3361 quemadmodum
661 3284 828 3343 cremarit.
870 3283 1029 3342 Peccatum
1050 3294 1096 3344 eat
1120 3286 1161 3344 li-

95 3386 193 3445 brarii
207 3388 334 3460 tironis,
355 3389 437 3466 quod
457 3407 547 3446 nemo
567 3388 796 3460 animadvertit,
816 3387 899 3466 quod
915 3389 1017 3446 eciam.
1093 3389 1159 3451 Eun.

135 3525 199 3538 -
217 3525 279 3538 --
319 3491 434 3550 Erneati
464 3494 633 3570 corrigebat
663 3495 718 3568 ait,
746 3493 884 3572 quamvis
910 3491 981 3550 libri
1001 3511 1019 3552 a
1038 3503 1158 3572 recepta

95 3597 229 3656 lectione
249 3617 310 3656 non
328 3598 480 3656 recedant.
522 3597 619 3656 Etiam
638 3597 706 3656 aliie
723 3597 797 3658 locio
816 3598 876 3654 iam
893 3596 1031 3675 exempla
1050 3597 1159 3658 adfue-

95 3709 170 3760 runt
203 3709 406 3760 commutatae
424 3701 563 3759 lectionis
581 3702 622 3757 ait
641 3710 670 3758 et
691 3709 742 3759 eat.
783 3699 923 3761 Nondum
941 3708 1041 3760 tamen
1062 3705 1161 3764 ausim

95 3805 258 3864 admittere
273 3805 353 3864 hano
374 3805 614 3864 emendationem
636 3805 669 3862 in
688 3806 870 3882 ipsumam,
900 3807 973 3882 quia
995 3826 1043 3865 mc
1059 3809 1160 3869 adhuc

96 3911 209 3969 retinet
233 3909 383 3970 iudicium
414 3911 451 3970 de
481 3909 581 3970 Coelio
609 3910 705 3968 latum
736 3909 981 3988 inilloliialogo
1003 3911 1161 3974 decencia

97 4023 258 4093 corruptae
276 4015 466 4095 eloquentiae
486 4035 512 4074 c.
529 4014 603 4073 XXI.
634 4012 740 4072 Sordes
757 4024 854 4072 actem
874 4015 1161 4079 verborametdiam

98 4121 271 4200 compositio
301 4131 329 4178 et
356 4121 505 4180 inconditi
531 4140 633 4178 aeaeae
659 4119 787 4178 redoleat
817 4122 1045 4199 oratiqm'tatem:
1068 4145 1161 4206 quam

95 4225 222 4305 quidem
238 4228 418 4286 sententiam
438 4231 471 4288 in
488 4225 555 4285 aliia
577 4243 698 4306 quoque
716 4223 810 4284 Caelii
831 4226 930 4316 verbio
947 4230 1055 4288 sedulo
1067 4235 1159 4310 respi-

94 4329 235 4392 ciendam
256 4349 373 4392 oenceo.
811 4375 813 4381 ι
945 4331 947 4336 ’
1003 4336 1159 4402 ,ΒιιιιιυιιιτΙ

999 4445 1073 4505 ιμ
1168 4468 1175 4484 .
