3012 5182
730 445 860 528 ‚2-

590 523 591 528 ¹
659 529 664 536 -

478 545 485 576 ἶ
640 561 644 568 ¹
656 543 664 555 ι

272 619 457 729 tllniporcal
471 654 604 730 perisse,
623 661 653 710 et
672 650 700 732 §.
712 651 741 711 2.
762 650 936 725 Marcellus,
955 652 1034 732 qaod
1044 653 1344 718 odluoaile'lretalit

271 753 306 816 de
336 757 520 814 antecessione
548 757 794 836 provinciarum,
815 764 850 815 et
873 757 909 814 io
933 753 1002 816 Kal.
1030 756 1100 816 lca.
1134 777 1199 817 acen
1223 759 1341 820 distulit

270 856 451 919 relationem.

415 999 470 1085 ,ιζ
576 967 740 1060 (lemme
768 967 954 1054 menon
984 969 1024 1052 S.

326 1169 359 1238 l.
410 1169 509 1259 Quod
531 1170 594 1242 tibi
629 1171 820 1242 decedens¹
847 1171 1021 1267 pollicitus
1044 1195 1121 1242 sum
1145 1196 1201 1243 me
1224 1198 1341 1246 omnes

276 1317 330 1402 res
345 1295 510 1404 ¹urbanas
535 1298 800 1400 ¹‘diligentissime
833 1297 896 1380 tibi
933 1301 1233 1394 perscripturum,
1260 1301 1340 1377 data

276 1447 377 1519 opem
397 1426 548 1518 ³paravi,
584 1424 655 1517 qni·
681 1423 729 1491 sic
761 1422 873 1492 omnia
911 1405 1196 1518 persequeretur,
1222 1436 1262 1494 ut
1286 1449 1341 1496 ve-

276 1573 372 1642 rear,
386 1581 389 1586 ¹
404 1576 447 1623 ne
481 1550 544 1622 tibi
581 1552 723 1622 nimium
756 1562 899 1643 arguta2
933 1550 1017 1621 haec
1042 1548 1204 1620 sedulitas
1228 1552 1338 1624 videa·

277 1691 346 1749 tur.
396 1677 542 1760 Tametsi
576 1689 633 1766 tn,
667 1677 758 1766 scio,
791 1699 895 1771 qnam
930 1679 974 1746 sis
1008 1678 1159 1748 curiosus
1179 1690 1215 1748 et
1236 1703 1339 1773 quam

277 1804 435 1877 omnibns
464 1804 759 1899 peregrinantibus
787 1814 923 1896 gratum
946 1803 991 1872 sit
1016 1805 1233 1874 minimarum
1258 1828 1341 1898 que

274 1959 346 2030 que
390 1958 528 2026 rernm,
573 1957 662 2028 qnae
697 1932 790 2004 domi
824 1942 1008 2025 gerantur,
1046 1929 1122 2002 fieri
1157 1935 1339 2020 certiores,

279 2073 392 2131 tamen
424 2061 460 2132 in
500 2059 565 2132 hoc
599 2070 634 2129 te
668 2057 834 2154 deprecor
846 2073 872 2148 ³,
894 2082 938 2129 ne
963 2081 1079 2129 meum
1104 2059 1169 2131 hoc
1192 2061 1341 2132 officium

278 2188 486 2282 arrogantiae
524 2182 750 2273 condemnes,
794 2181 889 2278 qnod
909 2181 1020 2254 'hunc
1057 2184 1220 2257 laborem
1244 2188 1342 2259 alteri

277 2314 452 2409 delegavi:
485 2338 553 2384 non
590 2313 685 2407 quin*
709 2311 793 2381 mihi
825 2301 1063 2386 suavissimum
1097 2315 1141 2384 sit
1176 2326 1212 2384 et
1244 2338 1342 2386 oceu-

277 2452 360 2536 patc
385 2452 419 2511 et
440 2439 485 2510 ad
508 2439 623 2510 literas
645 2437 862 2530 scribendas,
888 2450 927 2508 nt
953 2451 992 2510 tn
1018 2441 1130 2530 nosti,
1159 2442 1343 2536 pigerrimo

278 2581 360 2640 tuae
391 2569 572 2639 memoriae
609 2565 690 2636 dare
724 2589 886 2661 operam3
911 2566 972 2660 sed
997 2568 1135 2661 ipsum⁴
1157 2568 1341 2656 volumen,

279 2696 450 2800 qnod-tibi
474 2695 576 2786 misi,
611 2693 731 2786 facile,
770 2707 810 2764 ut
835 2716 898 2791 ego
919 2695 1090 2785 arbitror,
1111 2689 1168 2767 'me
1192 2707 1340 2769 excuset.

278 2826 399 2904 Nesto
427 2825 559 2902 ·cnius⁸
595 2825 654 2896 otii
685 2836 771 2894 esset
792 2843 861 2896 non
885 2823 987 2896 modo
1009 2823 1219 2918 perscribere
1240 2823 1345 2913 haee,

278 2953 339 3024 sed
368 2954 510 3024 umnino
523 2992 524 3002 κ
538 2950 825 3024 animadvertere:
860 2951 970 3022 omnia
996 2951 1087 3020 enim
1112 2961 1194 3020 sunt
1217 2949 1265 3020 ibi
1290 2971 1345 3019 see

279 3083 382 3150 iratus
413 3078 588 3166 consulta,
625 3072 758 3167 edicta,
784 3077 955 3168 fabulae,¹
969 3099 1142 3147 rumores:
1168 3073 1261 3172 quud
1287 3099 1344 3145 ex-

279 3201 435 3306 emplum
470 3207 498 3276 si
520 3189 617 3278 ‘forte
649 3207 762 3276 minus
795 3218 830 3276 te
855 3204 1056 3295 delectarit,
1087 3229 1130 3274 ne
1155 3203 1345 3292 molestiam

277 3316 344 3415 'sibi
379 3312 461 3404 cum
494 3334 644 3430 impensa
674 3359 750 3406 mea
779 3333 976 3422 exhibeam,
998 3332 1050 3404 lac
1073 3357 1129 3407 me
1153 3334 1342 3404 certiorem.

279 3460 317 3534 Si
348 3462 435 3558 quid
472 3462 507 3532 in
543 3487 580 3533 re
615 3463 754 3558 publiea
780 3464 888 3532 mains
911 3473 1028 3532 actum
1052 3461 1142 3550 erit,
1164 3458 1265 3553 'qnod
1289 3461 1345 3528 isti

282 3588 425 3686 operarii
447 3591 566 3659 *minus
597 3589 774 3662 commode
804 3589 963 3684 persequi
988 3586 1136 3680 possint,
1163 3595 1197 3656 et
1224 3607 1346 3680 qnem-

282 3715 466 3790 bdmodnm
489 3708 604 3789 aulum
627 3719 671 3788 sit
693 3729 727 3788 et
751 3742 839 3813 quae
862 3716 1062 3788 existimatio
1084 3723 1219 3784 secutae
1244 3733 1344 3806 qnae·

281 3828 351 3945 {gne
367 3845 424 3931 ,de
442 3871 482 3924 eo
503 3871 580 3944 spes
602 3847 679 3938 sit⁷,
703 3847 884 3941 diligenter
910 3845 973 3916 tibi
994 3841 1253 3938 perscribemns.

297 4001 542 4028 aaut*

327 4083 471 4134 Arrianus
490 4061 657 4134 Ostienses.
694 4080 734 4150 (1)
753 4100 789 4132 ω
806 4079 1034 4148 ἅειεᾱεηέίᾙιιῧο
1052 4075 1122 4129 Crat.
1139 4070 1236 4122 Manat.
1255 4067 1346 4120 Lamb.

284 4173 348 4226 Era.
373 4170 436 4222 sch.
463 4200 499 4212 ·-
523 4171 652 4222 discedens
668 4170 780 4221 malebat
796 4169 861 4220 Lall.
899 4169 939 4238 (2)
965 4197 1000 4208 —
1028 4169 1129 4230 orgeolo
1149 4162 1261 4212 nimium
1278 4158 1349 4211 Cret.

209 4316 211 4322 ,
286 4259 613 4348 (3)-ὶαιηιηιὴοςᾰφν.
629 4259 722 4311 Graes.
743 4258 1015 4328 (l)-sedidipeum
1030 4257 1123 4308 Graes.
1152 4252 1192 4319 (5)
1208 4268 1238 4296 =
1254 4249 1349 4316 quoius

282 4351 334 4406 nd.
356 4351 424 4403 vta.
446 4351 471 4401 2.
497 4347 591 4401 Greev.
609 4348 706 4400 Bened.
743 4346 783 4416 (6)
803 4377 836 4386 -
852 4351 989 4398 consecula
1012 4343 1081 4398 Crat.
1106 4341 1198 4395 Lame.
1243 4340 1282 4407 (7)
1304 4337 1348 4388 Sic

282 4441 348 4494 sm.
364 4439 429 4496 Sola·
454 4465 489 4481 -··
511 4444 549 4491 cst
570 4437 621 4492 lld.
641 4439 711 4493 Crat.
729 4437 795 4491 tter.
814 4438 828 4490 1
847 4447 871 4492 et
889 4437 915 4489 2.
935 4436 1028 4490 Graes.
1047 4435 1143 4491 Bened.
1162 4463 1196 4473 -
1213 4431 1266 4482 del.
1283 4445 1347 4511 ver-

282 4536 347 4586 bum
362 4531 457 4585 bamb.
505 4543 510 4561 ¹
1220 4557 1223 4564 .
