3012 5182
826 449 866 508 16

311 680 424 729 curam
450 679 490 728 eo
510 656 554 726 de
577 658 786 730 successione
811 659 1064 752 provinciarum
1087 674 1257 756 ageretur.
1294 668 1381 740 Nam

309 784 502 854 Ariminum
544 783 588 856 ad
626 784 813 855 exercitum
848 784 1031 879 Pompeius
1065 799 1140 858 erat
1164 792 1306 862 iturus:
1343 807 1381 870 et

308 913 424 982 statim
462 913 513 980 iit.
569 909 681 981 Ριιῑοι
720 911 808 983 Idib.
845 912 962 983 Sextil.
1002 912 1047 984 de
1084 937 1124 986 ea
1161 940 1200 988 re
1238 931 1380 990 actum²

309 1041 362 1109 iri.
422 1038 576 1111 Profecto
610 1049 670 1108 aut
705 1041 910 1135 transigetur
940 1041 1093 1137 aliquid,
1129 1055 1190 1114 aut
1230 1046 1382 1142 turpiter

308 1167 576 1239 interoadeturs.
636 1169 722 1239 Nam
766 1169 802 1237 in
848 1168 1056 1262 disputando
1092 1170 1238 1241 coniecit
1283 1173 1381 1246 illam

311 1316 427 1364 rocem
448 1293 510 1365 Cn.
533 1295 735 1390 Pompeius:
773 1293 928 1366 «Omnes
948 1306 1107 1390 oportere
1128 1299 1261 1370 senatui
1285 1301 1380 1376 dieto

309 1421 485 1492 audientes
514 1425 624 1495 esse.’'
674 1423 742 1518 Ego
768 1434 883 1494 tamen
906 1424 954 1494 sie
977 1423 1064 1493 nihil
1090 1437 1269 1520 exspecto,
1295 1453 1379 1525 quo-

309 1549 410 1620 modo
442 1549 624 1642 Paullum,
660 1551 834 1623 consulem
867 1549 1103 1643 designatum,
1128 1554 1280 1646 primum
1305 1579 1378 1627 sen·

309 1678 451 1748 tentiam
476 1677 659 1749 dicentem.

357 1803 393 1875 5.
442 1804 583 1900 Saepius
629 1818 663 1877 te
699 1805 866 1878 admoneo
902 1805 946 1876 de
986 1808 1175 1903 syngrapha
1213 1809 1376 1884 Sittiana:

308 1936 410 2031 cupio
454 1935 546 2005 eninr
589 1946 624 2007 te
660 1935 852 2028 intelligere
888 1956 961 2005 eam
996 1941 1070 2006 re'm
1105 1936 1149 2008 ad
1185 1962 1240 2009 me
1277 1940 1375 2012 valde

304 2065 487 2157 pertinere.
544 2064 629 2134 Item
654 2063 698 2133 de
723 2061 920 2158 pantheris,
947 2075 986 2132 ut
1010 2062 1185 2158 Cibyratas
1209 2079 1374 2138 arcessas⁴

305 2215 496 2286 curesque,
520 2202 560 2261 ut
583 2191 631 2258 mi
651 2189 852 2259 vehantur⁵.
904 2185 940 2258 6.
967 2188 1143 2262 Praeterea
1176 2195 1374 2266 nuntiatum

306 2317 405 2389 nobis
438 2330 473 2389 et
509 2342 572 2413 pru
606 2327 700 2388 certo
735 2318 802 2388 iam
835 2316 1005 2406 habetur,
1041 2341 1155 2413 regem
1177 2318 1373 2412 Alesandri·

304 2471 389 2517 num
426 2458 613 2518 mortuum.
642 2443 778 2533 'Quidss
814 2443 899 2514 mihi
920 2444 1084 2534 suadeas,
1114 2447 1286 2543 quomode
1321 2473 1372 2520 re·

303 2599 410 2668 gnum
446 2572 537 2644 illud
574 2584 634 2643 se⁷
671 2571 818 2660 habeat,
854 2572 932 2667 quis
968 2584 1151 2667 procuret,
1189 2573 1372 2670 diligenter

304 2701 388 2772 mihi
414 2701 615 2798 perscribas.
639 2699 680 2770 K.
706 2699 822 2771 Sext.⁸

348 3003 389 3073 (1)
407 3034 442 3045 -
459 3010 484 3057 et
497 3007 607 3070 statim,
629 3011 661 3057 at
671 3010 739 3074 puto
753 3002 851 3056 Beued.
887 3002 928 3070 (2)
945 3000 989 3054 sic
1002 2999 1094 3052 lamb.
1111 3001 1174 3053 Ern-
1191 3001 1253 3056 sah.
1268 3031 1303 3043 —
1315 3005 1369 3070 sa·

300 3096 373 3144 atum
386 3093 472 3146 Ceteri
487 3112 548 3144 aum
562 3095 614 3145 lld.
641 3095 681 3162 (3)
696 3093 740 3146 Sia
757 3093 825 3146 Crat.
845 3090 912 3142 vta.
929 3091 955 3142 2.
973 3091 1064 3142 Lamb.
1073 3091 1135 3144 Era.
1151 3091 1255 3144 son-
1265 3095 1370 3144 trami-

299 3185 408 3247 geretur
424 3209 467 3222 -·-
484 3183 685 3233 intercederem
697 3181 749 3233 Md.
766 3182 834 3233 liet.
851 3182 876 3233 1.
896 3180 991 3232 Graes.
1007 3180 1105 3231 Bened.
1135 3181 1175 3249 (4)
1186 3198 1216 3225 =
1227 3181 1370 3232 Ciburatas

301 3287 417 3322 accersas
436 3271 487 3326 llld.
509 3271 578 3322 viu.
604 3273 629 3323 2.
667 3272 706 3340 (5)
732 3271 776 3323 Sic
803 3271 855 3322 llld.
879 3270 947 3321 Vict.
972 3269 1032 3319 let
1050 3268 1075 3319 2.
1092 3269 1190 3320 Benad.
1207 3299 1240 3312 -
1256 3271 1321 3320 milri
1338 3274 1370 3320 at

301 3360 431 3412 uellantur
445 3360 515 3413 Gret.
534 3361 625 3413 Lamb.
640 3389 675 3400 -
687 3365 720 3412 ut
733 3361 797 3412 milri
812 3365 940 3412 venentur
954 3358 1011 3412 scil.
1029 3357 1180 3429 Cibyratrm3
1199 3375 1233 3410 sx
1249 3359 1368 3426 antique,

301 3450 348 3502 sed
373 3450 460 3502 inutili
485 3449 522 3522 Ε.
547 3451 641 3504 Graan·
667 3453 730 3504 Em.
755 3451 818 3504 sch.
862 3451 902 3521 (6)
922 3479 956 3490 -
972 3448 1076 3517 quidem
1100 3447 1152 3499 ld.
1178 3447 1244 3502 llina
1268 3447 1367 3499 Bened.

299 3543 381 3592 miror
406 3569 441 3582 -
465 3546 601 3595 mortuum
624 3542 735 3609 quidem.
757 3542 826 3593 Mihi
846 3540 965 3594 suadeas.
1003 3540 1044 3609 (7)
1063 3567 1098 3581 -
1113 3553 1165 3591 sese
1186 3535 1256 3592 Orat.
1272 3534 1366 3588 namn.

302 3630 344 3698 (8)
362 3659 396 3672 -·
408 3633 574 3700 perscribas,
592 3631 677 3683 velim.
695 3629 759 3684 Kal.
777 3630 873 3682 Sextii.
892 3629 965 3683 Vale.
983 3627 1076 3680 Lamb.
1118 3651 1120 3656 ·
