2978 5186
685 339 982 427 *202¹

326 573 503 634 'nobilem
540 573 633 635 illio
671 572 858 636 Caesaris
895 567 1092 658 nosquam:
1135 581 1264 642 sanutus
1294 601 1365 644 sam

290 675 385 738 libros
415 680 572 758 vulgatos,
608 697 625 740 a
654 682 768 760 quihus
795 699 855 741 non
885 682 1057 764 discrepant
1085 688 1180 745 nostri
1207 687 1355 750 biannser.

294 803 355 844 nno
395 794 486 865 atque
527 785 622 844 altero
659 796 803 868 meapte,
830 789 864 846 in
891 807 953 868 quo
979 791 1126 868 seriptnm
1160 801 1204 850 est
1234 793 1366 852 nobilem
1486 803 1487 822 ³

292 889 343 949 illi
375 888 617 971 Caesarisbosp.
650 911 741 971 quam
764 893 945 970 scripturam
967 895 1093 984 quitiam
1115 897 1365 975 amplectuutur,

293 1005 329 1055 ut
364 994 414 1053 illi
442 997 573 1075 positum
610 996 818 1075 intelligamus
858 1017 913 1076 pro
945 998 1021 1058 illie.
1083 999 1144 1078 Ego
1174 1011 1277 1061 autem
1309 1007 1368 1062 mi·

292 1122 351 1161 nus
378 1101 492 1180 probo,
513 1102 706 1181 arbitrorque
732 1103 766 1160 in
794 1101 938 1162 adverbio
963 1104 1030 1162 illie
1062 1125 1077 1162 o
1104 1105 1198 1164 fuisse
1216 1108 1365 1168 omissum

293 1207 332 1268 ab
363 1217 482 1266 errante
510 1208 653 1283 librario,
684 1217 807 1285 propter
835 1187 940 1266 vonam
964 1217 1165 1288 sequentem,
1195 1211 1234 1268 ab
1257 1212 1367 1272 eadem

283 1313 395 1379 -littera
425 1313 549 1372 initium
574 1313 753 1391 eapientem.
795 1312 895 1392 Siquis
925 1322 1026 1372 tamen
1046 1314 1097 1372 illi
1116 1315 1364 1377 eontendetesse

291 1417 474 1497 legendum,
501 1437 560 1478 non
589 1437 771 1499 magnopere
800 1418 952 1497 pugnabo.
994 1418 1058 1478 Non
1083 1419 1194 1478 desum
1210 1422 1294 1480 enim
1317 1423 1364 1480 in·

291 1523 496 1584 numerabilia
526 1522 671 1601 exempla.
714 1525 761 1582 Sin
791 1524 947 1582 Terentius
977 1522 1159 1583 Phormione
1184 1523 1222 1602 [1.
1244 1524 1274 1584 2.
1298 1525 1363 1607 41.]

293 1627 414 1688 Interea
439 1628 507 1688 dum
524 1628 657 1686 sedemus
673 1627 723 1686 illi
743 1638 800 1690 ete.
841 1628 878 1686 Et
895 1628 1013 1686 Lueret.
1033 1627 1069 1704 1„
1096 1625 1183 1688 1064.
1215 1627 1273 1687 1112·
1294 1650 1374 1689 nunes

293 1734 415 1794 videant
433 1743 492 1794 etn.
513 1734 552 1792 od
569 1753 662 1812 quem
682 1733 783 1792 locum
803 1733 862 1792 ban
879 1733 970 1791 de're
988 1731 1085 1810 plura.
1222 1735 1367 1796 binemus.

331 1873 392 1887 --·
412 1873 474 1888 ·-·-
514 1838 586 1898 lilin
614 1841 715 1918 recepi
743 1859 798 1917 pro
823 1838 892 1910 illi,
912 1838 997 1920 quod
1016 1849 1061 1898 est
1087 1840 1265 1918 antiquarii.
1307 1840 1362 1900 Ed.

292 1945 368 2007 ned.
387 1946 442 2006 ibi.
463 1945 548 2005 Rom.
570 1945 644 2004 illie.
667 1944 721 2004 MS.
742 1944 798 2003 Gn.
819 1943 874 2002 ibi.
1236 1943 1365 2005 Eaausrr.

335 2083 393 2100 --
413 2085 475 2098 --
514 2049 631 2109 Ernesti
661 2049 787 2129 quidem
818 2048 1009 2108 emendarit:
1041 2048 1171 2106 nobilem
1194 2049 1262 2108 illie
1290 2047 1368 2108 Cae—

292 2158 371 2216 saris
388 2156 539 2235 hospitem.
581 2153 638 2213 Sed
666 2151 739 2211 libri
769 2154 889 2232 antiqui
916 2172 1025 2231 magno
1050 2173 1202 2213 onnseusu
1221 2156 1367 2215 snribunt

291 2260 421 2322 nobilest
440 2261 509 2319 itti:
537 2258 638 2338 quod‚
669 2258 742 2318 lieet
772 2259 934 2338 antiquum
955 2262 995 2318 eit
1018 2259 1171 2318 seribendi
1192 2279 1310 2338 genus,
1330 2281 1368 2321 eo

291 2368 388 2445 magis
409 2376 453 2424 est
469 2365 570 2424 Coelio
589 2364 728 2442 dignum.
1221 2366 1367 2426 Bmmm,
1484 2399 1485 2410 ,

260 2490 261 2496 “
333 2489 632 2551 usquequaque,
651 2470 795 2548 inquis
812 2478 871 2528 net.
911 2469 1012 2530 Invito
1030 2470 1167 2530 Ciceroni
1182 2470 1241 2528 hon
1259 2471 1366 2531 obtru-

293 2577 394 2649 ditur,
421 2575 506 2655 quod
534 2575 688 2634 melius'e
712 2593 768 2633 sua
793 2563 921 2654 perarma
950 2574 1069 2634 Coelius
1093 2576 1214 2636 dixerit.
1256 2577 1369 2656 Aptius

293 2684 355 2742 itas
377 2680 603 2760 Usquequaque,
625 2682 746 2759 inquis,
766 2681 801 2738 iu
821 2680 894 2739 bello
906 2681 1071 2760 patientem
1085 2687 1114 2748 et
1131 2690 1288 2742 strenuum
1305 2703 1367 2742 esse

292 2787 382 2847 «tenea
425 2786 516 2844 Reate·
525 2809 540 2858 ;
561 2785 614 2844 sed
637 2805 845 2865 usquequaque
864 2786 997 2846 Domitii
1017 2795 1073 2845 eet.
1236 2787 1367 2848 Wsrmr.

333 2885 572 2951 ransmissa
596 2890 693 2948 nivali
724 2891 829 2951 dent,
873 2891 998 2950 Videtur
1017 2891 1208 2969 signifioare:
1231 2889 1368 2950 Domitii
1482 2909 1485 2962 j

292 3017 392 3056 manes
420 2996 496 3055 mole
521 3016 551 3053 se
578 2994 685 3054 habent
694 3019 709 3068 ,·
739 2999 885 3074 qnoniam
910 3006 940 3054 et
970 2995 1119 3054 Domitiae
1139 2994 1364 3056 Ahenobarbus

291 3102 397 3182 paullo
426 3112 496 3160 aute
516 3101 640 3160 Corfinii
674 3110 780 3179 eaptus
808 3111 871 3160 erat
903 3121 919 3160 a
955 3100 1087 3160 Caesare.
1140 3101 1198 3160 sen
1228 3102 1289 3160 hon
1316 3102 1367 3160 lo-

292 3207 408 3287 quendi
429 3225 543 3285 genus,
564 3226 594 3263 se
613 3203 744 3288 Domitii
760 3205 833 3264 mali
854 3205 924 3265 daut
934 3249 944 3282 ‚
965 3207 1148 3266 inusitatum
1166 3213 1197 3264 et
1222 3221 1366 3284 asperum
1481 3233 1484 3288 ss

292 3322 346 3372 est.
1260 3309 1367 3369 Marna.
1481 3313 1482 3332 ¹

332 3449 395 3462 —-
413 3449 475 3462 -ω
516 3412 592 3472 Male
622 3433 653 3472 se
679 3415 765 3490 dare,
797 3417 844 3474 uti
869 3415 1026 3475 Terentius
1054 3413 1142 3492 [Eun.
1174 3414 1214 3473 ΙΙ.
1244 3415 1272 3474 1.
1299 3413 1367 3494 24]

292 3521 420 3599 turpiter
435 3537 465 3577 aa
481 3520 560 3578 dare.
1238 3520 1366 3578 Cesarea.

331 3651 395 3668 --
414 3656 476 3668 —
516 3624 669 3702 Corrigam
700 3625 829 3683 mulum:
860 3627 881 3686 i.
911 3645 937 3684 e.
957 3625 1106 3685 .infelines
1125 3634 1219 3699 sunt,
1240 3627 1364 3702 anagnis

292 3728 382 3786 rnalis
410 3727 601 3806 afficiuntur5
632 3747 743 3808 nempe
769 3729 873 3808 paullo
893 3740 963 3789 ante
983 3731 1132 3792 Bomitius
1154 3729 1277 3790 Corfinii
1300 3740 1367 3788 erat

292 3842 409 3913 eaptus.
451 3807 562 3893 Malum
590 3833 659 3911 dare
688 3854 777 3914 saepe
803 3833 893 3914 apud,
914 3834 1060 3899 Caminos.
1238 3835 1377 3896 Enirsrr..
1481 3811 1482 3844 z
