3034 5166
622 346 683 406 107

143 554 399 626 &lentescentem
412 550 625 610 Caumestes-si
635 550 670 609 de
680 549 764 609 Bello
776 548 870 608 Civili
881 551 913 610 L.
925 551 979 610 lll.
991 571 1016 609 o.
1027 551 1077 612 20.
1087 571 1170 632 seqq.

161 677 275 744 lisdem
295 676 484 757 temporibus
504 675 617 735 Romae
635 675 671 734 ll.
692 675 812 735 Coelius
831 675 930 736 llulus
947 671 1082 754 praetor,
1102 698 1194 740 causa

121 785 297 844 debitorum
325 788 484 859 suscepta,
515 780 603 837 initio
629 765 822 856 magistratus
842 780 978 838 tribunal
999 799 1089 839 suum
1110 784 1194 841 iuxta

119 889 153 949 G.
182 885 344 962 lbebonii,
371 884 520 963 praetoris
549 883 678 954 urbani,
698 883 804 943 sellam
828 884 990 943 collocavit
1009 892 1058 958 et,
1079 885 1194 965 siquis

121 989 304 1068 adpellasset
324 987 364 1046 de
381 986 591 1045 aestimatione
612 994 642 1044 et
662 985 702 1043 de
723 985 946 1058 solutionibus,
977 1007 1056 1066 quae
1073 1007 1128 1067 per
1147 1007 1193 1050 ar·

120 1093 252 1152 bitrium
272 1091 397 1164 fierent,
414 1097 450 1147 ut
468 1087 574 1146 Caesar
590 1087 734 1166 praeseus
754 1090 971 1164 constituerat,
993 1091 1058 1150 fore
1078 1093 1194 1152 auxilio

117 1194 332 1276 pollicebatur.
353 1189 432 1250 -Sed
451 1191 543 1250 fiebat
560 1193 713 1270 aequitate
730 1192 844 1252 decreti
865 1201 895 1250 et
916 1194 1107 1254 humanitate
1125 1195 1191 1254 Tre·

122 1297 229 1370 bonii,
260 1296 315 1374 qui
342 1294 392 1352 his
412 1295 601 1372 temporibus
621 1296 789 1356 elementer
808 1307 836 1354 et
855 1296 1009 1356 moderate
1030 1298 1076 1354 ius
1091 1281 1207 1357 dicen(

121 1400 199 1461 (lum
230 1399 443 1475 existimabat,
470 1406 506 1458 ut
536 1401 664 1478 reperiri
681 1421 743 1458 nou
762 1409 877 1478 posset,
897 1420 914 1459 a
934 1400 1048 1477 quibus
1068 1401 1194 1461 initium

120 1500 298 1581 adpellaudi
328 1509 513 1566 nasceretur.
555 1501 631 1560 Nam
662 1501 788 1559 fortasse
820 1503 955 1580 inopiam
990 1522 1134 1563 excusare
1163 1515 1193 1564 et

119 1603 325 1664 calamitatem
346 1613 399 1663 aut
419 1606 573 1683 propriam
593 1623 681 1663 suam
701 1613 755 1664 aut
776 1614 947 1683 temporum
971 1607 1060 1687 queri
1078 1615 1108 1666 et
1127 1606 1191 1666 dil·
1270 1630 1273 1637 ¹

121 1707 277 1769 scultare
294 1695 491 1768 auctionandi
512 1727 680 1786 proponere
690 1751 699 1784 ,
715 1709 807 1767 etiam
833 1707 996 1769 mediocris
1013 1717 1059 1766 est
1079 1711 1191 1789 enimi,

120 1812 256 1888 integras
287 1828 359 1869 vero
389 1818 492 1870 tenere
521 1812 741 1889 possessiones,
763 1812 870 1888 quise
894 1809 1004 1869 debere
1023 1811 1192 1888 fateantur,

123 1915 214 1974 cuius
244 1915 360 1984 animi,
389 1920 443 1972 aut
467 1913 556 1972 euius
577 1913 786 1991 impudentiae
804 1913 876 1972 est'l
915 1911 1042 1994 ltaque,
1061 1915 1120 1974 hoc
1136 1918 1192 1996 qui

120 2016 307 2099 postularet,
325 2016 533 2095 reperiebatur
547 2035 649 2078 nemo.
674 2014 775 2096 Atque
790 2017 883 2093 ipsis,
904 2015 943 2074 ad
964 2035 1096 2095 quorum
1107 2037 1192 2078 eom-

121 2119 248 2181 modum
277 2119 467 2197 pertinebat,
495 2118 602 2177 durior
629 2119 772 2177 inventus
802 2128 847 2177 est
867 2119 985 2178 Coelius
1006 2129 1054 2194 et,
1075 2121 1192 2182 abhoc

123 2223 280 2304 profectus
298 2223 407 2299 initio,
423 2243 462 2280 ne
481 2222 593 2280 frustra
614 2222 768 2299 ingressus
789 2230 910 2300 turpem
931 2241 1052 2282 causam
1071 2224 1192 2286 videre-

123 2335 193 2402 tur,
219 2327 319 2402 legem
348 2325 572 2403 promulgarit,
603 2333 638 2382 ut
666 2324 692 2404 †
716 2327 813 2384 sexies
833 2327 897 2384 seui
919 2325 983 2384 dies
1004 2329 1070 2388 siue
1090 2332 1192 2389 usuris

119 2429 255 2491 creditae
273 2417 421 2506 pecuniae
438 2428 595 2486 solvantur
604 2425 660 2508 (1).

159 2531 200 2614 (o.
220 2531 285 2614 21.)
326 2532 426 2605 Quum
451 2531 604 2588 resisteret
630 2530 776 2589 Servilius
800 2531 909 2589 consul
928 2532 1104 2613 reliquique
1123 2555 1190 2596 ma·

120 2640 284 2719 gistratus,
304 2646 335 2695 et
352 2637 454 2695 minus
479 2636 621 2713 opinione
637 2653 692 2693 sua
713 2635 861 2694 efficeret:
882 2634 920 2705 ud
941 2636 1191 2700 hominumexci·

120 2740 214 2800 tanda
232 2739 351 2813 studia,
371 2738 491 2797 sublata
511 2737 612 2816 priore
632 2737 717 2814 lege,
736 2736 811 2795 duas
830 2738 1036 2818 promulgavit
1047 2764 1055 2816 3
1076 2761 1189 2815 uuam,

120 2863 184 2924 qua
211 2842 365 2902 mercedes
391 2841 616 2899 habitationum
643 2859 758 2897 annuas
784 2840 1021 2899 conductoribus
1048 2841 1189 2921 donarit,

7 2935 13 2940 ³
120 2947 248 3005 alteram
277 2944 453 3004 tabularum
481 2962 647 3017 novarum,
678 2945 857 3021 impetuque
877 2942 1086 3002 multitudiuis
1105 2946 1138 3005 in
1160 2947 1190 3007 G.
1278 2987 1283 2994 .

119 3047 305 3108 Trebonium
332 3047 429 3121 facto,
454 3055 484 3104 et
512 3045 672 3104 nonnullis
692 3044 875 3117 vulneratis,
896 3065 966 3106 eum
987 3046 1026 3105 de
1043 3049 1191 3110 tribunali

119 3151 306 3210 deturbavit.
347 3150 389 3209 lle
406 3149 521 3228 quibus
541 3147 633 3206 rebus
650 3147 795 3208 Servilius
815 3149 922 3208 consul
937 3149 974 3208 ad
993 3136 1132 3210 senatum
1146 3175 1192 3213 re·

120 3254 214 3330 tulit,
231 3261 416 3332 senatusque
436 3251 571 3312 Coelium
591 3252 630 3310 ab
648 3252 805 3330 republica
825 3253 1045 3311 removendum
1061 3258 1190 3316 censuit.

120 3357 184 3416 lloo
199 3356 321 3416 decreto
339 3375 408 3414 eum
431 3354 537 3414 consul
556 3362 662 3412 senatu
683 3353 842 3430 prohibuit
857 3361 888 3411 et
897 3357 1070 3412 concionari
1081 3375 1191 3418 conau-

119 3468 184 3518 tem
204 3458 368 3528 derostris
387 3458 525 3516 deduxit.
567 3457 641 3529 Ille,
660 3458 828 3534 ignominia
847 3466 876 3514 et
897 3457 1001 3516 dolore
1015 3469 1190 3536 permotus,

118 3561 222 3640 palam
240 3561 441 3638 seprofieisci
458 3560 497 3618 ad
517 3561 671 3618 Gaesarem
692 3561 848 3619 simulavit
857 3584 866 3638 ;
892 3561 992 3635 clam,
1009 3563 1130 3621 nunciis
1151 3566 1190 3624 ad
1208 3605 1212 3612 -

119 3663 262 3728 blilouem
281 3663 399 3734 missis,
416 3660 501 3743 (qui,
518 3663 624 3722 Clodio
641 3663 818 3734 interfecto,
842 3683 879 3724 eo
905 3665 1027 3727 nomine
1056 3674 1120 3724 erat
1140 3669 1190 3743 das

119 3764 256 3846 mustus)
271 3775 363 3843 atque
379 3784 414 3823 eo
426 3765 457 3821 in
468 3765 590 3822 ltaliam
601 3774 724 3823 evocato
732 3773 747 3840 ,'
763 3766 866 3844 quod,
882 3769 1002 3842 mugnis
1011 3769 1190 3829 muneribus

123 3931 378 3956 ...Ρ-...ί-

122 3985 126 3989 ¹
151 4025 193 4092 (t)
228 4024 314 4076 Verba
329 4014 448 4092 corrupta
460 4028 496 4076 sie
512 4025 661 4076 emendarit
675 4023 699 4074 N
703 4024 852 4074 isbuhrius:
871 4027 952 4076 scoies
967 4028 1084 4079 semestri
1097 4027 1152 4088 die,
1166 4029 1194 4080 id

116 4123 170 4174 est,
195 4115 223 4162 in
238 4113 307 4164 seclis
320 4115 410 4166 Rotae
424 4130 475 4164 von
491 4114 561 4166 scobs
577 4129 610 4164 zu
626 4113 696 4164 seclis
712 4115 847 4164 Monstra.
865 4112 927 4162 vid.
944 4114 1111 4168 Itbeieisobes
1125 4118 1192 4168 Mu-

115 4201 247 4266 seumfsir
257 4201 422 4270 Philologu,
442 4202 589 4256 Gesclsicbte
603 4203 659 4254 und
674 4203 829 4268 griechiscbe
843 4202 1009 4270 Philosophus
1018 4204 1102 4273 (Banu
1111 4204 1192 4271 1828),

36 4311 39 4317 ·
112 4288 140 4350 2.
159 4283 305 4358 eposss.
893 4327 895 4334 ·
1107 4299 1109 4304 '
1187 4299 1192 4324 ³
