2978 5186
632 394 688 453 131

129 605 213 664 vitea
239 583 389 662 diductus
416 620 480 660 esse
499 600 630 661 videtur.
671 601 756 662 Certa
776 619 838 662 non
852 607 1003 681 reperitur
1019 607 1097 668 alius
1117 608 1191 668 Cae-

128 710 213 782 lius,
239 708 291 768 oui
319 705 355 765 ll.
384 706 476 765 Varro
501 705 616 764 librur‘rr
638 724 728 764 suurn
759 705 797 766 de
814 711 978 784 geometria
995 713 1192 792 inscripserit.

124 814 187 874 Sed
203 812 287 892 quod
303 813 425 898 etiama
444 811 586 870 Cicerone
599 810 713 870 librum
729 811 788 870 sibi
804 813 931 874 inscribi
943 813 1077 899 cupit(l)
1095 819 1200 894 magis¹

126 918 280 980 ambitiosi
300 925 361 989 est,
378 935 470 995 quam
488 916 645 975 literarum
660 916 804 977 studiosi:
822 938 883 978 non
895 921 975 979 enim
986 919 1192 981 familiaritate

124 1024 246 1098 solum,
275 1022 328 1081 sed
356 1023 447 1081 etiarn
476 1021 647 1094 studiorum
676 1024 890 1082 communione
919 1044 991 1084 cum
1019 1024 1192 1104 aequalium

122 1128 331 1190 literatissimo
352 1127 534 1186 coniunctus
557 1125 656 1185 rideri
674 1126 803 1187 volebat.

168 1293 290 1380 Restat,
315 1299 350 1349 ut
376 1289 415 1349 de
442 1292 541 1350 causis
569 1290 707 1351 dicamus
719 1336 727 1366 ,
753 1311 828 1372 quas
847 1294 927 1372 egit,
948 1301 979 1352 et
995 1291 1034 1352 de
1049 1293 1188 1374 reliquiis

127 1400 308 1464 orationum¹
325 1396 505 1454 testimoniis
540 1397 722 1474 scriptorum
750 1417 805 1476 per
833 1398 1044 1476 antiquitatem
1073 1401 1193 1478 sparsis.
1228 1443 1239 1466 .

125 1503 163 1562 Et
175 1501 404 1568 accusationum
419 1500 562 1579 quidem,
581 1520 657 1581 quas
675 1509 753 1573 tres,
769 1520 873 1560 omnes
893 1521 910 1560 e
927 1523 960 1562 re
980 1503 1123 1581 publiea,
1144 1502 1191 1564 iu·

127 1610 190 1666 isse
214 1605 315 1665 Cicero
337 1605 413 1662 dicit
433 1601 496 1686 (2),
524 1605 603 1664 duae
628 1606 699 1663 satis
727 1614 816 1664 notae
846 1615 917 1664 sunt
947 1603 978 1666 C.
1008 1605 1139 1666 Antonii
1163 1617 1193 1667 et

128 1711 168 1772 la.
196 1711 343 1770 Atratini.
382 1709 532 1770 Antonius
562 1707 752 1768 Macedoniae
769 1709 931 1790 proconsul
952 1730 1007 1790 per
1027 1713 1193 1772 triennium

126 1816 320 1898 praefuerat,
348 1834 383 1874 ex
421 1833 482 1894 qua
515 1815 672 1893 provincia
709 1813 827 1874 Caelius
854 1834 925 1873 eum
953 1815 1192 1893 repetundarum

124 1915 280 1982 accusavit
299 1919 516 1998 damnaritque
535 1914 589 1999 (3).
631 1918 747 1977 Iniuria
761 1917 948 1998 disceptatur
963 1921 1094 1997 pecunia
1114 1921 1193 1980 mul·

122 2035 206 2086 tatus
233 2045 271 2084 an
302 2026 334 2083 in
367 2022 508 2082 exsilium
537 2023 652 2080 eiectus
678 2021 828 2080 Antonius
845 2023 886 2080 sit
902 2019 957 2104 (4).
996 2023 1071 2083 Nam
1089 2044 1189 2105 neque

124 2131 190 2192 sola
210 2128 309 2188 multa
329 2127 424 2187 huius
438 2125 544 2184 delicti
565 2125 688 2204 culpam
709 2145 743 2184 ea
761 2134 859 2186 aetate
875 2125 968 2186 luisse
989 2147 1055 2188 reos
1075 2136 1193 2188 constat

131 2244 162 2294 et
192 2233 314 2292 miseria
345 2231 396 2288 illa
425 2229 569 2303 Antonii,
601 2229 639 2288 de
659 2250 721 2310 qua
737 2230 840 2291 Cicero
859 2229 1002 2309 pluribus
1021 2235 1193 2294 orationum
1275 2238 1281 2245 '

124 2341 202 2400 locis
223 2339 381 2420 queritur,
402 2354 462 2392 non
483 2342 581 2412 potest
602 2335 662 2394 nisi
683 2334 795 2394 exsulis
814 2335 946 2414 intelligi
958 2334 1010 2418 (5)
1053 2339 1193 2398 Subscri-
1291 2369 1297 2384 .

123 2455 227 2524 ptores
258 2426 375 2501 Caelius
403 2439 511 2498 habuit
541 2440 575 2514 Q.
601 2437 727 2498 Fabium
746 2437 909 2498 Maximum
930 2450 959 2500 et
980 2441 1011 2502 C.
1032 2443 1192 2505 Caninium

123 2549 267 2625 Gallum,
296 2565 353 2606 nec
383 2564 454 2603 sane
480 2551 620 2603 accurate
650 2543 772 2603 loeutus
803 2554 847 2604 est
871 2545 1008 2606 Valerius
1026 2547 1190 2626 Maximus,

125 2674 199 2714 cum
226 2673 243 2711 a
270 2651 397 2720 Caninio
420 2649 597 2708 damnatum
617 2645 784 2706 Antonium
810 2649 887 2708 dicit
904 2647 958 2733 (6).
999 2653 1074 2714 Acta
1092 2663 1194 2716 autem
1303 2703 1307 2714 .
1351 2633 1360 2652 ⁰

126 2778 220 2819 eausa
239 2767 283 2816 est
300 2756 422 2816 Caesare
441 2764 470 2814 et
490 2753 598 2812 Bibulo
617 2753 795 2814 oonsulibus
816 2773 842 2814 a.
861 2753 921 2814 695
931 2758 1012 2836 apud
1022 2768 1191 2838 praetorem

84 2855 86 2866 ¹
123 2867 176 2926 Gn.
198 2863 361 2924 Lentulum
383 2861 583 2937 Clodianum,
598 2863 653 2941 qui
674 2862 831 2920 usitatiore
848 2871 1048 2941 cognomento
1064 2863 1200 2924 llareel-·

119 2971 206 3030 linus
233 2976 359 3028 vocatur
374 2964 430 3049 (7).
470 2966 571 3026 Genus
600 2967 665 3025 eius
694 2966 844 3042 mixtum,
870 2965 909 3025 de
928 2966 1099 3028 Macedonia
1119 2989 1192 3049 pro-

120 3075 226 3134 vincia
264 3072 341 3132 mals
375 3072 479 3132 habita
507 3080 539 3132 et
562 3047 781 3150 perduellionis
811 3069 1004 3132 Catilinariae
1029 3075 1189 3134 societate:

123 3199 218 3260 quam
245 3177 285 3236 ob
311 3197 375 3238 reus
401 3175 570 3251 Antonius,
594 3195 665 3236 euru
693 3175 929 3254 repetundarum
952 3177 1069 3236 eritnerr
1088 3177 1194 3238 Cicero

119 3294 268 3365 patronus
289 3282 467 3354 refutasset,
493 3280 531 3340 de
550 3283 581 3338 vi
601 3267 766 3339 damnatus'
783 3289 836 3340 est.
883 3280 1023 3340 Vatinius
1042 3275 1123 3341 enim
1141 3283 1190 3342 be·

120 3389 234 3448 nefieio
262 3387 339 3466 legis
368 3406 454 3458 suae,
484 3406 562 3465 quae
587 3386 822 3446 commodiorem
832 3385 981 3444 »iudicum
1001 3388 1190 3448 sortitionem

128 3492 334 3564 concedebat,
350 3490 488 3550 clausula
505 3490 622 3550 adiecta
641 3510 726 3549 reum
747 3489 913 3548 Antonium
934 3489 1080 3563 exclusit,
1107 3487 1191 3570 quo'd

122 3597 233 3658 acerbe
265 3597 423 3674 exprobrat
454 3594 557 3653 Cicero
585 3595 619 3653 in
647 3595 800 3665 oratione,
830 3613 890 3674 qua
922 3612 992 3652 eum
1020 3595 1052 3652 in
1083 3605 1191 3659 senatu

121 3702 260 3762 concidit
270 3697 323 3783 (8)
350 3701 461 3760 'Huius
478 3700 605 3758 aetionis
623 3698 698 3757 duas
715 3697 879 3778 particulas
897 3699 1027 3757 servarit
1044 3701 1192 3775 Quintili·

120 3826 201 3866 anus
212 3803 274 3888 (9),
296 3805 388 3864 altera
399 3804 575 3864 brevissima
585 3811 637 3862 est.
648 3834 687 3850 -
697 3802 833 3862 Secunda
844 3804 996 3862 accusatio
1006 3804 1038 3862 in
1053 3805 1085 3865 L.
1104 3804 1190 3868 Atra·

142 3916 368 3929 m...—

173 3967 214 4034 (1)
251 3965 351 4016 Dirsrs.
369 3965 439 4016 v111.
457 3966 483 4016 3.
504 3965 546 4032 [h.
564 3964 612 4016 Ed.
630 3963 677 4015 111.
694 3964 736 4032 4,)
757 3993 791 4006 —·-
810 3965 850 4033 (2)
871 3965 927 4016 Cic.
946 3965 1016 4018 Brut.
1031 3965 1076 4030 79,
1094 3969 1195 4020 2⁷3.-

120 4037 1188 4128 mmmmpfflmmmmmpmmmnmmw

115 4148 152 4198 ab
174 4150 259 4215 intpp.
287 4146 319 4196 ad
335 4143 449 4212 Philipp.
463 4144 497 4195 Π.
515 4143 556 4193 23.
573 4170 603 4180 -
626 4143 665 4210 (5)
686 4141 741 4193 Cic.
757 4144 786 4192 in
803 4141 887 4194 vatin.
906 4145 947 4195 11.
965 4144 1033 4196 Phil.
1050 4145 1084 4197 11.
1097 4147 1139 4199 33.
1156 4177 1191 4192 .-

121 4239 166 4307 (6)
187 4237 246 4288 Vsl.
259 4218 325 4288 linx.
340 4235 385 4286 IV.
401 4235 432 4298 2,
452 4233 477 4284 6.
503 4233 600 4284 Iniuria
613 4231 754 4283 Garatonus
771 4231 800 4282 ad
817 4231 871 4284 Cio.
885 4251 913 4302 p.
929 4233 1002 4286 Sulla
1014 4235 1056 4287 33.
1073 4235 1200 4290 Caelium.

116 4329 324 4396 subscriptorem
341 4324 445 4378 Caninii
458 4332 538 4374 voest.
555 4351 590 4360 —
607 4321 647 4390 (7)
668 4319 777 4374 Garat.l
803 4339 825 4374 e.
843 4352 878 4364 -
897 4323 936 4392 (3)
957 4323 1013 4376 Gis.
1028 4327 1058 4378 in
1071 4325 1120 4380 Vat
1132 4319 1201 4383 be..

118 4410 708 4486 -mmmmnmmam

1003 4501 1061 4570 sa
