3034 5166
653 349 717 408 103

148 552 283 632 denique
303 557 348 612 cst
366 551 399 610 iu
418 553 476 610 ista
494 551 668 630 suspicione
681 551 775 612 Caelii
794 573 905 614 numen
925 557 1087 623 auditum?
1118 533 1235 624 liirui-¹

147 673 202 716 nur
223 655 322 715 multa
339 654 378 714 de
394 673 428 714 re
448 656 576 716 minime
594 653 688 716 dubia
707 655 832 735 ioqn0r3
851 659 909 718 hoc
928 663 1130 724 tarnendieo:
1151 687 1213 728 nun

149 758 242 818 modo
268 760 295 816 ei
320 760 421 820 socius
447 760 684 831 coniurationis,
712 760 767 820 scd
794 763 855 821 nisi
880 764 1111 827 inimicissimus
1129 770 1217 830 istius
1261 801 1267 815 ·

148 862 270 922 sceleris
297 861 433 936 ἰιιίεεοῐ,1
453 881 613 940 uunquam
641 864 861 926 coniurationis
892 870 1084 928 accusatione
1113 872 1218 932 adole·

151 966 299 1026 scentiam
337 983 425 1026 suam
461 965 654 1043 potissimum
683 967 898 1028 commendare
925 971 1080 1034 valuisset.
1131 975 1218 1050 Quod

150 1067 234 1128 hand
254 1070 335 1140 scic,
360 1088 400 1128 an
426 1068 465 1127 ds
487 1068 607 1128 ambitu
624 1077 655 1128 et
672 1069 710 1129 de
726 1071 910 1131 criminibus
926 1074 993 1133 istis
1009 1075 1161 1137 andelium
1182 1093 1218 1140 ae

150 1171 352 1250 sequestrium
382 1169 540 1252 (quoniam
564 1170 627 1230 hnc
659 1170 769 1252 incidi)
796 1174 938 1236 similiter
970 1180 1216 1256 respondendum

147 1282 263 1354 putem.
305 1275 469 1356 linnqasam
484 1274 567 1335 cuim
586 1281 649 1334 tam
666 1273 786 1335 Caelina
801 1294 905 1336 amens
926 1277 1049 1355 fnisset,
1071 1291 1122 1355 ut,
1140 1284 1166 1343 si
1183 1301 1216 1343 ee

146 1380 207 1441 istc
221 1377 343 1440 inlicito
363 1379 482 1438 ambitu
501 1378 767 1451 commaculasset,
785 1380 918 1440 ambitus
938 1382 1069 1444 alterans
1089 1401 1216 1446 accusas

146 1490 213 1561 τοις
229 1501 332 1564 neque
346 1483 412 1540 eins
429 1480 503 1540 facti
524 1483 556 1540 in
578 1481 675 1540 altero
689 1476 896 1559 'suspicionem
917 1495 1093 1562 quaereret,
1124 1489 1217 1549 cuins

144 1585 212 1664 ipsc
237 1587 299 1648 sibi
317 1592 497 1664 perpetuum
528 1584 686 1644 licentiam
708 1593 845 1663 optarst;
876 1605 949 1661 nec,
982 1589 1008 1646 si
1033 1588 1092 1648 sibi
1118 1591 1213 1650 semel

143 1689 319 1768 periculum
343 1687 477 1748 ambitus
499 1686 695 1747 subeundum
711 1696 833 1765 putaret
842 1731 853 1764 ,
870 1689 935 1768 ipse
952 1690 1083 1750 alterum
1101 1693 1213 1754 iterum

144 1788 278 1851 ambitus
302 1791 431 1850 erimine
457 1800 630 1850 arcesseret.
671 1791 759 1865 Quod
781 1809 968 1871 quamquam
986 1812 1043 1852 nec
1060 1796 1215 1872 sapienter

144 1904 176 1953 ct
202 1911 251 1954 me
280 1893 378 1952 invito
405 1892 498 1964 facit,
520 1902 621 1952 tumen
641 1901 687 1951 eet
707 1894 878 1969 eiusmodi,
898 1895 1039 1972 cupidius
1061 1906 1096 1956 ut
1115 1900 1214 1976 magia

141 1999 285 2058 insectari
314 1997 440 2056 alterius
470 1995 696 2071 innocentiam,
717 2015 811 2074 quam
833 1997 872 2055 dc
901 2015 933 2058 se
950 1997 1058 2058 timide
1077 1973 1214 2076 suffitum*

140 2100 290 2162 videatur.
739 2118 745 2127 ·
1182 2092 1191 2102 ⁸

179 2201 220 2286 (c.
244 2199 299 2278 10,
320 2199 382 2282 44.)
426 2201 464 2262 At
491 2221 563 2262 reru
584 2205 617 2262 in
642 2203 678 2262 ll.
701 2202 935 2285 Caclic(dicam
956 2205 1119 2264 animiam
1139 2223 1209 2266 cons

138 2305 285 2368 fidentius
311 2306 351 2366 da
378 2306 489 2366 studiis
517 2309 583 2368 eius
609 2309 762 2384 honestis,
780 2311 925 2387 quoniam
943 2308 1041 2368 audeo
1057 2307 1209 2388 quaedam

136 2410 236 2474 fretus
262 2420 362 2472 vestra
385 2411 532 2489 sapientia
557 2407 831 2491 libcrc'confiteri)
858 2411 945 2472 nulla
966 2411 1103 2473 luxuries
1118 2431 1211 2491 reps-

135 2516 250 2592 rietnr,
268 2514 348 2576 nulli
366 2523 521 2593 sumptus,
531 2514 655 2574 nullum
671 2532 720 2574 aes
731 2514 865 2576 alienum
876 2559 884 2586 ‚
896 2513 982 2574 nulla
993 2515 1205 2586 conviviorum

136 2637 173 2680 ac
192 2619 361 2678 lustrorum
379 2617 485 2682 libido.
513 2617 600 2692 Quod
617 2618 743 2696 quidem
762 2618 873 2676 vitium
893 2618 1008 2678 ventris
1025 2626 1056 2676 et
1072 2618 1205 2696 gurgitis

134 2743 199 2786 nau
226 2721 317 2782 modu
345 2739 408 2780 non
438 2723 551 2783 minuit
582 2730 663 2780 netas
690 2701 887 2795 hominibus,
915 2720 969 2780 sed
991 2721 1082 2782 etiam
1103 2729 1204 2797 auget.
1249 2717 1261 2738 '

133 2827 262 2888 Amores
290 2833 393 2886 autem
419 2835 449 2884 ct
469 2827 527 2885 hae
543 2825 672 2885 delicias
692 2843 771 2902 qnae
788 2831 952 2898 vocantur,
970 2841 1049 2902 quac
1068 2822 1206 2882 firmiore

132 2932 238 2990 animo
254 2928 402 3008 praeditis
417 2929 535 2988 diutius
554 2927 700 2990 molestae
714 2945 775 2986 nun
794 2924 893 2984 scient
903 2943 967 2982 esse
976 2921 1107 3004 (mature
1117 2925 1201 2984 enim

133 3043 165 3094 et
185 3032 327 3092 celeriter
343 3028 569 3110 deflorescunt),
588 3047 748 3109 nunquam
762 3027 845 3087 hunc
864 3037 1049 3106 occupatum
1069 3025 1203 3105 impedi-

132 3147 263 3215 tumque
279 3144 453 3196 tenuerunt.
494 3133 648 3207 Audistis,
664 3151 761 3212 quum
782 3149 838 3210 pro
854 3148 887 3190 se
912 3129 1047 3190 diceret:
1072 3128 1203 3190 audistis

133 3249 222 3301 antea
233 3283 243 3314 ,
270 3257 367 3316 quum
388 3245 563 3311 accusarem
589 3233 787 3316 (defendendi
806 3235 882 3292 ha'sc
902 3251 1011 3307 cansa,
1027 3250 1089 3292 non
1109 3233 1204 3309 glori·-

131 3344 207 3404 andi
227 3337 391 3420 eloquam)
406 3359 503 3418 genus
512 3340 677 3410 cretionis,
696 3337 892 3410 inuisitatem,
908 3338 1026 3413 copiam
1036 3338 1201 3394 sententia·

131 3467 203 3508 rum
219 3454 313 3527 atque
331 3445 510 3514 verborum,
531 3461 610 3520 quae
628 3448 727 3500 vestra
740 3438 977 3518 prudentissut,
996 3437 1199 3515 perspexistis.

128 3552 232 3630 Atque
251 3551 330 3610 ineo
341 3547 512 3609 nonsolum
530 3545 687 3622 ingenium
709 3543 829 3602 elucere
845 3542 911 3599 eius
925 3539 1094 3598 videbatist
1114 3538 1199 3618 quod

128 3673 236 3732 saepe,
253 3651 387 3712 etiamsi
404 3648 555 3709 industria
573 3665 634 3707 non
653 3646 765 3716 alitur,
788 3644 869 3704 valet
888 3653 989 3702 tamen
1017 3644 1117 3720 ipsum
1132 3643 1200 3700 ania

129 3725 343 3819 viribusz'sed
361 3754 476 3827 inerat,
494 3753 553 3812 nisi
571 3760 621 3818 me*
636 3759 760 3829 propter
780 3745 1024 3808 benevolentiam
1044 3741 1124 3804 forte
1140 3742 1197 3822 fal·
1240 3726 1244 3751 s

127 3862 231 3935 lebat,
259 3860 338 3918 ratio
368 3865 397 3916 et
426 3856 516 3916 bouis
546 3853 662 3912 artibus
692 3853 834 3911 instituta
863 3858 893 3908 et
923 3867 997 3907 cura
1026 3856 1056 3906 et
1080 3847 1196 3924 vigiliis

126 3964 290 4027 eleborata.
320 3959 420 4038 Atque
441 3959 567 4026 scitote,
589 3955 724 4029 iudices,
745 3973 795 4014 eas
805 3951 988 4030 cupiditates
999 3993 1008 4024 ,
1025 3969 1104 4029 quac
1114 3951 1196 4010 obii.

125 4071 254 4128 ciuntur
283 4063 384 4124 Caelio
391 4105 401 4136 ,
429 4059 748 4140 atquehaecstudia,
769 4056 938 4133 dequibus
959 4053 1102 4132 disputo,
1130 4072 1194 4115 nou

123 4171 217 4232 facile
245 4171 278 4228 in
302 4167 409 4228 ecdem
430 4165 555 4224 homine
574 4180 638 4222 esse
657 4179 753 4240 pesse.
794 4159 975 4226 Fierienim
995 4176 1057 4218 nen
1075 4164 1193 4234 potest,

122 4285 161 4335 ut
192 4271 313 4336 animus
341 4270 467 4332 libidini
495 4267 638 4337 deditus,
665 4277 786 4335 amere,
813 4260 987 4339 desiderio,
1002 4260 1210 4339 cupiditate¹¹
