3012 5182
450 589 724 650 MIH'DM
775 591 851 650 11.

394 713 400 726 .
520 687 813 757 mmmm

501 865 806 942 argumentum.

157 1053 369 1150 Commium
392 1102 428 1144 ee
448 1101 517 1142 caea
547 1083 655 1144 scribit
683 1083 803 1144 Caelius
830 1085 885 1156 iis,
915 1102 994 1164 quae
1014 1087 1045 1146 C.
1067 1087 1187 1149 Gentius

115 1199 148 1250 et
175 1209 230 1252 rex
253 1191 408 1252 Deiotarus
436 1188 474 1248 dc
494 1189 675 1250 Parthorum
696 1192 826 1252 transitu
844 1190 1025 1270 scripserant
1042 1192 1082 1254 ad
1099 1211 1189 1255 eene-

115 1302 184 1354 tum
194 1339 203 1370 ,
233 1293 367 1374 indeque
396 1295 503 1354 timere
519 1313 551 1354 ee
568 1293 705 1356 Ciceroni
724 1304 850 1376 propter
869 1295 1109 1373 copiarum'eius
1123 1298 1189 1358 exi-

94 1400 263 1476 ¹guitatem
279 1395 309 1478 5.
329 1397 357 1456 1.
398 1395 514 1457 Deinde
532 1407 650 1476 narrat,
670 1417 765 1478 quam
786 1400 885 1457 varios
901 1416 1054 1457 sermones
1072 1402 1190 1460 excita-

113 1502 177 1562 rint
206 1501 255 1562 illi
283 1501 387 1561 nuntii
415 1496 444 1582 5
469 1499 498 1562 2.
525 1509 573 1576 et,
605 1522 702 1581 quum
729 1501 863 1581 euspicio
894 1500 989 1562 fuerit
1012 1501 1051 1563 de
1071 1503 1187 1574 Caesio,

114 1609 205 1687 qnasi
235 1609 277 1678 it,
313 1607 386 1665 licto
420 1602 531 1679 bello„
559 1605 803 1666 Arabas-ornatu
834 1605 974 1666 Parthico
1005 1610 1038 1666 in
1063 1609 1191 1687 provin-

114 1712 195 1770 ciam
220 1711 397 1772 immisisset
425 1707 484 1791 (Gt.
513 1709 552 1771 ad
580 1709 659 1770 Fam.
684 1707 740 1770 111.
772 1708 802 1768 8.
826 1707 902 1789 tc),
922 1710 1030 1770 enodet
1050 1711 1188 1772 Ciceroni

114 1823 151 1884 nt
174 1813 214 1876 de
238 1817 297 1874 isto
321 1833 425 1874 return
452 1822 534 1874 etatu
562 1813 727 1892 diligenter
750 1812 918 1892 perscribat
948 1812 978 1892 5.
1005 1815 1035 1874 3.
1077 1814 1212 1900 addit„

42 1951 45 1958 ·
115 1917 216 1977 videri
239 1919 298 1976 sibi
326 1917 365 1977 de
389 1917 568 1997 republica
597 1916 676 1975 nihil
705 1923 809 1974 actum
838 1916 877 1973 iri
907 1915 966 1974 boc
986 1935 1085 1993 anno,
1106 1919 1190 1996 quod

17 2043 22 2050 ·
117 2021 279 2081 Marcellus
300 2021 478 2094 tarduesit,
499 2021 620 2080 Servius
639 2027 799 2079 cunctator
815 2012 846 2100 5.
868 2017 896 2078 4.
908 2027 974 2078 turn
984 2018 1203 2099 quidanovisv

113 2123 344 2204 magistratibus
372 2125 411 2184 sit
440 2123 679 2203 exspectandum
694 2121 724 2203 5.
747 2124 775 2182 5.
795 2123 881 2182 etde
902 2121 1041 2182 Curionis
1068 2128 1188 2185 actione

112 2233 197 2292 circa
217 2231 403 2311 Campanum
424 2247 533 2308 agrum
553 2227 584 2308 5.
604 2227 633 2288 6.
664 2227 827 2288 Concludit
836 2228 995 2307 epistolam
1006 2228 1106 2290 officio
1114 2249 1201 2306 *mog

113 2353 213 2416 wem
240 2353 275 2398 'ce
301 2343 528 2416 praestaturum
558 2333 732 2413 promittat.
760 2353 799 2393 nc
825 2333 903 2412 quid
932 2335 961 2394 ei
988 2337 1140 2414 temporisv
1156 2337 1194 2398 in

113 2440 297 2518 provinciali
318 2459 446 2501 munere
466 2446 646 2520 prorogetur
665 2435 732 2520 57.

128 2626 272 2704 {cripta
294 2635 339 2686 tet
360 2638 434 2686 run.
456 2625 525 2686 Kal.
547 2625 618 2687 Dec.
639 2623 683 2684 Gi.
704 2621 734 2704 5.
755 2623 785 2683 4.

420 2825 587 2908 Carnus
616 2822 803 2906 Grcenorr
832 2823 882 2902 S..

172 3060 204 3130 1.
255 3060 446 3154 Sanequam
481 3058 589 3146 literis
623 3054 660 3127 C.
693 3053 794 3126 Cassii
829 3062 864 3124 et
898 3050 1045 3122 Deiotari
1066 3073 1198 3120 sumus.

118 3156 291 3260 commoti.
351 3171 436 3256 Nam
482 3183 613 3254 Cassius
644 3182 692 3250 cis
727 3176 922 3274 Euphraten
959 3175 1071 3273 copias
1106 3177 1183 3248 Par-

117 3315 257 3387 thorum
283 3337 353 3385 essc
376 3314 532 3410 scripsit:
568 3309 767 3396 Deiotarus,
803 3304 970 3399 profectas
997 3329 1061 3416 per
1083 3305 1191 3415 Com-1

118 3467 297 3540 magonem
332 3447 368 3512 in
390 3439 598 3538 provinciam
623 3446 783 3506 nostram.
834 3432 903 3528 Ego
922 3431 1063 3526 quidem
1088 3453 1184 3525 prae·

11 3639 22 3654 ,
118 3573 261 3666 cipuum
294 3575 450 3658 metum,
484 3564 578 3661 quod
616 3563 660 3634 ad
685 3574 721 3632 te
743 3559 944 3650 attinebat,
966 3558 1096 3650 habui,
1122 3561 1183 3655 qui

117 3673 262 3789 scirem,
298 3721 402 3792 quam
437 3705 576 3792 paratus
609 3691 653 3763 ab
688 3691 838 3762 exercitu
863 3667 978 3778 essee,
1012 3712 1055 3758 ne
1090 3689 1196 3783 qund-

116 3828 174 3898 hic
199 3826 372 3897 tumultus
395 3824 554 3918 dignitati
579 3833 658 3890 tuae
681 3820 875 3928 perieulum
904 3816 1051 3886 afferret.
1099 3817 1182 3886 Nam

117 3953 162 4024 de
195 3954 291 4042 vita,
324 3953 352 4020 si
387 3951 536 4047 paratior
571 3947 615 4017 ab
651 3947 802 4017 exercitu
836 3966 951 4030 esses,.
976 3943 1161 4015 timuissem
1177 3923 1197 4012 :s

118 4059 213 4154 nuno
248 4081 333 4152 haec
369 4078 533 4172 exiguitas
569 4074 745 4168 copiarum
778 4093 970 4159 recessum,
993 4091 1061 4140 non
1085 4069 1192 4140 dimi-¹

118 4209 290 4278 dationem.
319 4204 403 4276 mihi
429 4216 522 4274 tuam
546 4199 788 4296 praesagiebat.
839 4197 912 4269 Hoc
935 4193 1108 4292 quomodo
1131 4217 1183 4264 ac-

118 4337 273 4430 ciperent
305 4334 482 4424 homines,
519 4355 623 4424 quarn
657 4329 843 4424 probabilis
867 4305 1044 4398 necessitas
1067 4321 1192 4402 lutura.
