2978 5186
607 409 664 486 lbi

105 654 170 692 inco
192 639 308 693 veteres
325 633 474 694 dicebaut.
517 636 621 708 Paullo
639 640 773 716 asperius
788 641 845 698 hoc
863 651 922 715 cst,
943 643 1167 721 aliquis'dicett

105 741 179 817 quis
205 740 321 817 negat?
344 759 448 798 verum
476 741 554 799 hano
585 746 773 821 asperitatem
800 745 918 805 Coelius
936 749 1066 806 amavit:
1083 756 1117 805 ut
1136 750 1167 804 in

106 846 175 903 eius
192 844 259 903 Vita
278 847 336 916 ism
355 845 553 904 ostendimus.
1068 851 1169 913 bitum.

141 984 209 996 --
226 986 285 998 -—-
329 951 406 1010 Haec
432 971 521 1010 nemo
547 953 698 1033 explicare
727 959 837 1034 potuit.
883 958 959 1016 Sunt
980 959 1045 1016 sine
1073 957 1168 1016 dubio

101 1057 232 1130 vitiosa,
248 1055 317 1129 sed,
339 1055 574 1116 destituentibus
588 1058 693 1135 libris,
707 1065 816 1140 corrigi
828 1083 887 1122 non
899 1071 1037 1141 possunt.
1103 1061 1169 1121 Eas.

140 1159 175 1242 ς.
196 1159 226 1218 2.
267 1159 362 1237 quod
390 1179 462 1217 uon
493 1162 696 1237 uenderet,
729 1168 914 1244 cuiquam
935 1165 1168 1243 reliquerat.

102 1265 270 1347 Quisquam
300 1262 398 1324 tribus
424 1251 522 1324 modis
548 1267 669 1328 videtur
692 1273 845 1348 usurpari:
872 1291 943 1330 cum
974 1270 1168 1344 dubitamus,

98 1382 152 1430 ut:
194 1373 222 1429 si
245 1371 402 1451 quisquam
430 1373 475 1430 itu
501 1374 614 1445 seutit;
644 1394 716 1435 cum
745 1395 908 1454 negamus,
936 1383 988 1433 ut:
1021 1395 1057 1431 ue
1088 1376 1168 1452 quis·

99 1497 191 1556 quam
215 1486 303 1556 putet
310 1499 323 1547 ;
350 1496 420 1534 oum
448 1479 688 1556 interrogamus,
713 1489 766 1538 ut:
800 1483 956 1560 quisquam
985 1491 1045 1537 tom
1065 1483 1165 1558 impu-

95 1583 171 1640 dens
196 1582 382 1660 reperietur?
424 1582 541 1642 Coelius
569 1593 669 1643 tamen
701 1584 752 1643 bic
779 1604 878 1664 neque
907 1583 1047 1657 dubitat,
1065 1603 1165 1663 neque

95 1694 209 1766 negat,
238 1706 339 1765 neque
362 1688 546 1764 interrogst5
567 1689 618 1746 sed
641 1689 779 1748 affirmat.
820 1689 956 1767 Et‘puto
978 1687 1099 1746 Veteres
1124 1691 1166 1747 ita
1227 1731 1232 1744 .

91 1775 233 1863 locutos,
263 1810 393 1872 quorum
422 1794 533 1869 scripta
561 1794 625 1851 sinc
651 1793 774 1853 delectu
804 1793 922 1852 Coelius
951 1793 1086 1851 imitatus
1111 1803 1164 1852 est.

94 1897 298 1956 Confirmatur
324 1895 382 1954 hoo
412 1897 583 1975 exemplum
614 1897 708 1956 altero
733 1898 894 1957 Aemiliani
930 1897 1077 1975 Scipionis
1109 1917 1163 1955 ex-

94 2001 212 2080 emplo:
242 2003 331 2068 cuius
354 2001 461 2072 verba,
489 2021 525 2060 ex
549 2003 683 2060 oratione
712 2011 816 2061 contra
847 2002 944 2078 legem
968 1989 1160 2060 iudiciariam

91 2107 135 2166 'li
164 2105 312 2176 Gracchi,
343 2125 360 2164 a
387 2105 536 2165 Macrobio
562 2105 593 2164 L.
614 2086 664 2165 n
693 2107 810 2166 Saturn.
829 2127 855 2165 o.
880 2106 925 2166 10.
943 2108 1068 2164 recitata
1088 2125 1161 2165 cunr

94 2213 245 2291 legerem,
271 2211 331 2270 hoc
357 2212 573 2271 animadvertir
599 2209 681 2269 Haec
707 2232 773 2270 cum
792 2212 868 2270 mihi
883 2212 1039 2290 quisquam
1056 2229 1160 2268 aucerres

94 2318 163 2389 but,
194 2331 253 2374 uou
266 2325 401 2394 poteram
422 2317 555 2374 ouimum
575 2316 733 2387 iuducere,
763 2338 796 2375 ec
818 2317 924 2374 liberos
942 2335 1010 2373 suos
1028 2315 1160 2372 homiues

93 2422 207 2482 nobiles
234 2420 344 2481 docere.
1056 2420 1158 2479 Μικυτ.

131 2559 194 2573 —-
212 2560 274 2578 «-
315 2526 345 2585 Si
376 2527 413 2586 sd
443 2527 605 2586 Servilium
633 2530 784 2606 pertinet,
814 2535 849 2584 ut
877 2545 981 2584 sensus
1008 2528 1066 2601 sit,
1094 2529 1158 2586 suis

94 2633 173 2692 nihil
197 2631 382 2712 reliquerat,
413 2629 528 2690 omuia‘
546 2651 598 2689 sua
625 2632 817 2705 vendiderat3
846 2649 952 2688 sensus
981 2631 1157 2689 commodus

92 2747 152 2814 est,
178 2738 230 2796 sed
261 2739 356 2796 oratio
382 2747 427 2796 est
457 2738 581 2796 durior:
602 2739 668 2809 siu,
693 2737 773 2795 nihil
793 2736 953 2815 reliquisse
973 2737 1054 2812 aliis,
1072 2738 1158 2816 quod

90 2844 137 2903 illi
153 2824 337 2918 vendercut;
357 2861 416 2898 uou
435 2841 531 2899 deleri
551 2840 649 2899 debet.
679 2839 754 2899 Edd.
769 2851 828 2899 vet.
850 2840 962 2899 habeut
978 2842 1154 2919 quicquam:

91 2947 169 3007 forte
191 2946 311 3004 molius.
352 2945 448 3004 Locus
465 2945 548 3002 -mihi
574 2955 729 3023 suspectus
757 2953 817 3003 est:
843 2953 877 3004 ut
907 2953 936 3003 et
966 2963 1093 3024 sequens
1119 2945 1154 3003 il-

89 3053 162 3124 lud,
189 3051 372 3127 mauimeque
402 3049 487 3106 uobis
513 3048 640 3107 traditus
668 3058 731 3106 crat
761 3048 915 3120 inuidiae,
950 3051 1001 3110 cui
1030 3070 1156 3110 sensum

88 3153 221 3237 aliquem
251 3152 441 3215 tolerabilem
466 3153 600 3212 tribuere
625 3171 802 3232 possumus,
832 3162 866 3212 ut
891 3173 918 3212 v.
943 3173 969 3212 c.
991 3155 1151 3215 Graevius:

88 3265 140 3344 qui
168 3263 302 3333 maximo
331 3260 364 3318 in
395 3257 464 3317 odio
490 3265 573 3332 erat,
599 3277 670 3318 cum
699 3259 787 3316 nobis
815 3258 1025 3318 defendendus
1054 3259 1150 3318 trade·
1253 3257 1256 3269 ¹

87 3377 189 3427 retur:
214 3365 267 3424 sed
290 3384 329 3422 an
355 3362 409 3421 ille
437 3364 475 3420 sit
505 3363 538 3420 iu
558 3362 676 3434 verbis,
699 3362 758 3420 alia
777 3382 824 3421 res
842 3371 895 3421 cst.
938 3363 1068 3423 Omnino
1088 3373 1164 3448 tota¹

87 3473 160 3532 haec
179 3470 217 3528 de
233 3468 361 3530 Servilio
378 3469 448 3536 ῥῆσις
469 3474 513 3524 est
530 3467 729 3524 vitiosissima.
1027 3467 1153 3529 Eanrsrr,

121 3611 182 3621 -
203 3609 263 3621 -
305 3573 417 3631 Locum
446 3571 545 3643 huuc,
572 3579 606 3629 ut
635 3589 718 3629 nuno
737 3571 869 3648 legitur,
889 3569 972 3649 [uec‚
994 3572 1072 3650 quod
1088 3593 1149 3632 nou

84 3680 236 3750 maderet,
263 3679 424 3756 quoiquam
455 3675 627 3755 reliquerat]
656 3655 763 3735 sanum
794 3686 886 3755 puto,
917 3679 1055 3755 quamvis
1072 3678 1146 3737 libri

79 3785 198 3864 antiqui
229 3782 288 3841 alia
317 3779 466 3860 quaedam
494 3779 629 3839 afferant.
670 3780 767 3840 Etiam
799 3781 915 3840 Ernesti
943 3782 1036 3840 lotam
1065 3782 1145 3842 hano

78 3889 116 3949 de
156 3873 283 3966 Seruilio
312 3890 384 3956 ῥῆσιν
410 3886 500 3944 habet
519 3886 753 3944 vitiosissimam.
795 3885 849 3944 Cui
870 3895 987 3958 tamen,
1018 3885 1152 3946 Manutii‘

77 3993 180 4053 verbis
210 3991 249 4050 ad
280 3991 364 4049 hunc
393 3989 513 4064 locum,
539 3989 783 4067 respondendum
822 3990 958 4066 videtur,
983 3994 1085 4051 omnia
1111 3996 1146 4053 in

78 4099 179 4159 Coelio
197 4115 261 4156 esse
282 4095 416 4154 ferenda.
479 4123 482 4130 ·
793 4105 796 4119 ·
1004 4093 1144 4158 Bsrsurerss

118 4203 361 4279 mucimuque
398 4199 512 4259 uobis
542 4199 719 4256 traditus
747 4209 831 4256 erut
855 4201 1025 4260 lusidio.
1066 4202 1142 4262 Cum

74 4310 194 4368 invisus
232 4316 310 4382 esset
340 4306 490 4364 omnibus.
541 4305 654 4382 Sigonii
689 4303 788 4379 liber,
821 4306 948 4372 maxime
982 4309 1035 4385 qui
1056 4307 1149 4365 uobis

74 4413 204 4473 traditus
233 4420 295 4470 erat
320 4411 466 4470 invidiae.
510 4410 603 4470 Minor
631 4410 725 4488 igitur
755 4411 884 4469 ruutatio
912 4411 1015 4487 fieret,
1051 4413 1076 4470 si
1101 4411 1150 4471 le·-
