3034 5166
800 369 842 428 st

422 601 485 683 M.
515 595 660 681 Omine
688 589 772 679 lm».
804 593 843 676 S.
872 592 920 674 Β.
949 591 1002 675 Μ.
1032 590 1191 676 Cssno.

334 857 379 926 ”1.
403 855 542 952 Magno
562 856 680 924 dolere
694 878 755 923 me
778 855 993 948 affecissent
1012 863 1095 922 tuae
1118 855 1261 944 literae,
1284 857 1360 922 nisi

293 991 369 1056 iam
404 996 441 1054 et
473 987 569 1052 ratio
606 987 688 1074 ipsa
721 983 921 1073 depulisset
957 1006 1076 1050 omnes
1110 984 1295 1050 molestias
1327 989 1360 1048 ot

291 1093 477 1182 ‘diuturna
508 1110 758 1200 'desperatione
790 1133 914 1177 rerum
947 1108 1178 1177 obduruisset
1212 1113 1359 1178 animus

296 1240 345 1308 od
377 1240 530 1308 dolerem
565 1258 707 1304 nonum.
754 1231 830 1303 'Sea
863 1245 1002 1326 tamen,
1040 1261 1154 1330 quere
1176 1237 1360 1328 acciderit,

296 1377 341 1436 ut
377 1391 421 1435 eu
455 1369 545 1434 meis
588 1362 842 1454 superioribus
879 1365 1003 1432 literis
1038 1364 1080 1432 id
1114 1369 1362 1457 suspicarere,

293 1493 392 1586 -quod
425 1491 580 1579 scribis,
613 1493 744 1558 neseio.
799 1488 901 1581 Quid
930 1493 1031 1558 enim
1065 1494 1108 1560 in
1135 1493 1226 1561 illis
1243 1497 1256 1535 ¹
1274 1495 1364 1584 fuit

294 1629 447 1712 praeter
471 1618 654 1712 querelam
681 1626 895 1706 temporum,
930 1641 1022 1709 quae
1047 1642 1120 1686 non
1143 1644 1258 1689 meum
1284 1627 1364 1692 ani·

300 1759 423 1816 mum²
460 1749 579 1840 magis
613 1745 812 1812 sollicitum
848 1741 1023 1814 taberent
1036 1761 1062 1834 ³,
1094 1771 1203 1840 quam
1230 1749 1364 1819 tuum?

302 1871 401 1944 Nom
438 1898 510 1942 non
548 1897 626 1940 eam
665 1875 812 1966 cognovi
845 1876 958 1942 aciem
997 1877 1144 1969 ingenii
1167 1880 1250 1966 tui,
1275 1877 1368 1969 quod

267 2092 286 2106 Ι,
301 2007 381 2093 ,ipse
414 2002 578 2087 uideam,
613 2007 648 2067 te
683 1999 725 2066 id
746 2009 799 2067 -ut
831 2024 905 2068 non
925 2010 1056 2092 putem
1081 2002 1213 2070 vedere.
1264 2000 1370 2071 Illud

300 2131 444 2214 miror,
477 2126 612 2194 adduoi
643 2129 805 2214 petuisse
842 2137 898 2216 te,
925 2133 992 2221 qui
1023 2154 1077 2196 me
1092 2134 1246 2221 penitus
1270 2156 1372 2202 nosse

301 2253 473 2342 deheres,
511 2260 555 2319 ut
579 2255 810 2321 existimares
834 2265 902 2322 aut
917 2280 976 2324 me
1000 2266 1071 2324 tam
1095 2259 1334 2349 improvidum
1345 2269 1372 2349 ⁴,

297 2384 377 2474 ‚qui
405 2380 457 2449 ab
494 2383 655 2448 excitata
677 2381 844 2470 fortuna
877 2383 926 2450 od
959 2386 1176 2453 inclinatam
1207 2395 1243 2454 et
1258 2411 1373 2480 prope

306 2514 481 2580 iaoentem
517 2509 770 2578 desciscerem:
798 2520 874 2586 ¹aut
912 2520 983 2578 tem
1010 2515 1302 2603 “inconstantem
1330 2525 1373 2583 ut

303 2640 488 2708 oolleotam
526 2641 693 2732 gratiam
719 2637 984 2728 florentissimi
1010 2636 1175 2710 *leminis
1212 2641 1376 2736 effunde·v

309 2791 386 2835 rem
422 2791 446 2834 a
482 2789 607 2858 meque
631 2768 708 2856 ipse
730 2763 917 2854 despicerem
941 2773 1000 2853 et,
1040 2765 1134 2859 quod
1155 2771 1266 2840 initio
1289 2797 1377 2841 sem-

302 2921 443 2990 perque
464 2897 585 2992 fugi,
610 2898 715 2964 civili
732 2893 826 2963 'bello
846 2897 1068 2963 interessem.
1119 2893 1155 2965 2.
1192 2893 1296 2990 Quod
1319 2909 1376 2969 est

304 3029 435 3120 igitur
468 3048 586 3092 menne
616 3028 759 3094 «triste
791 3022 1044 3093 eonsiliuml”
1079 3035 1123 3094 ut
1158 3026 1377 3099 discederem

298 3155 468 3244 sortasse
501 3154 544 3218 in
579 3152 727 3242 aliquas
750 3149 997 3220 solitudines?
1046 3147 1160 3220 Nosti
1182 3157 1281 3223 enim
1302 3181 1379 3226 non

235 3284 240 3300 '
312 3281 411 3353 modo
445 3275 618 3350 stomaolei
649 3281 741 3362 mei,
784 3282 891 3348 ouius
928 3288 969 3347 tu
1006 3283 1161 3349 similem
1198 3283 1380 3375 quondam

314 3408 492 3494 habebas,
525 3407 588 3474 sed
620 3409 731 3474 etiam
767 3405 948 3473 oculorum
983 3410 1026 3475 in
1061 3405 1246 3478 luminum
1279 3417 1380 3492 inse,-

316 3539 471 3604 lentium
499 3533 726 3626 indignitate
735 3531 953 3622 fastidium.
1004 3529 1149 3603 Aoeedit
1172 3541 1281 3606 etium
1305 3564 1381 3608 mo-

317 3665 410 3733 leste
437 3660 530 3730 ¹leam
559 3683 688 3752 pompa
724 3661 892 3728 lictorum
915 3683 1073 3730 meorum
1096 3685 1292 3756 nomenque
1314 3669 1383 3734 im-

356 3894 468 3965 mssa
489 3893 541 3945 nd.
566 3892 631 3946 Visst.
652 3895 667 3946 1
689 3903 715 3944 et
737 3895 764 3947 2.
789 3895 1067 3964 Msrt·Lsg.J-futs
1083 3898 1178 3947 inillis
1195 3897 1264 3948 Cret.
1287 3895 1385 3950 Lamb.

323 3981 681 4037 Grsev.E1·u.Bened.Sch.
709 3983 749 4052 (2)
760 3983 804 4035 sio
815 3985 865 4037 Md.
880 3985 962 4054 Neop.
980 3986 1071 4053 Antiq.
1085 3985 1153 4037 vict.
1171 3986 1185 4035 1
1203 3995 1228 4036 et
1245 3987 1271 4037 2.
1289 3987 1387 4040 Lemb.

320 4073 466 4142 {nrt-Lug.
491 4072 553 4125 sch.
568 4073 737 4124 --animum
762 4090 846 4124 meum
870 4073 963 4125 Graes.
988 4075 1052 4126 Ern.
1076 4074 1172 4125 Bened.
1207 4075 1251 4143 (3)
1268 4075 1312 4126 sis
1328 4077 1387 4128 cia.

319 4161 404 4232 Nenp.
421 4161 512 4230 Antiq.
528 4159 597 4210 Vnt.
613 4161 638 4210 2.
659 4161 751 4212 Lemb.
768 4161 911 4230 Mart-Lag.
927 4163 1001 4231 prob.
1019 4163 1143 4215 Baehuio.
1161 4191 1194 4202 -
1212 4163 1316 4214 haberet
1332 4163 1391 4216 Md.

321 4253 394 4306 cto.
407 4250 477 4303 Vici.
493 4251 518 4302 1.
535 4247 630 4301 Graes.
646 4250 708 4302 Em.
722 4251 819 4302 Bened.
835 4251 897 4302 Soh.
935 4250 974 4318 (4)
992 4250 1036 4303 sic
1049 4250 1101 4303 ad.
1117 4251 1186 4304 Crat.
1203 4251 1272 4306 vict.
1288 4255 1303 4304 1
1320 4264 1346 4305 et
1359 4255 1391 4306 2.

323 4341 503 4398 senet-us
517 4356 557 4392 me
575 4354 614 4390 eu.
631 4343 680 4390 aut
693 4343 750 4402 *tam
767 4340 845 4408 impr.
863 4339 955 4390 Lamb.
973 4339 1067 4394 Graes.
1086 4341 1390 4410 Ern.l1srt-Lsg.Sch.
