3012 5182
611 575 895 638 ΙΡΠΝΒΔ
946 577 1076 636 Vll!-

702 676 745 745 (ad
763 675 834 728 Fam·
852 674 922 726 Vlll.
939 675 978 744 8.)

693 889 989 960 Argumentum.

349 1063 513 1159 Mirabilia
540 1101 689 1180 quaedam
726 1099 765 1160 de
795 1101 919 1162 iudiciis
948 1101 1073 1174 scribit,
1115 1101 1309 1182 maximeque
1336 1103 1372 1163 de

309 1205 341 1276 C.
355 1198 535 1284 'Sempronio
556 1207 727 1266 calumniae
745 1206 887 1268 &musto
906 1204 936 1287 ς.
959 1204 985 1264 l.
1011 1213 1041 1267 et
1060 1203 1151 1266 dell.
1173 1205 1320 1280 Servilio,
1336 1207 1372 1268 ob
1473 1255 1474 1274 .

309 1311 461 1370 inscitiam
480 1312 641 1390 praetoria,
670 1331 771 1389 neque
793 1311 933 1370 absoluto
960 1329 1060 1389 neque
1081 1309 1223 1370 damnato
1242 1309 1273 1392 §-
1294 1311 1324 1372 2.
1344 1312 1373 1372 3.

308 1413 351 1474 Dc
378 1434 410 1472 re
434 1414 558 1494 publica
579 1414 684 1472 multis
707 1415 816 1473 diebus
835 1415 915 1472 nihil
934 1433 996 1472 esse
1014 1421 1134 1490 actum,
1153 1417 1374 1494 exspectatione

306 1520 475 1580 Galliarum
493 1517 522 1600 ς.
540 1518 567 1578 4.
588 1519 709 1578 tandem
727 1497 798 1578 vero
817 1519 895 1598 prid.
911 1517 976 1578 Kal.
989 1519 1052 1578 llct.
1069 1519 1106 1577 de
1117 1519 1281 1597 provinciis
1292 1518 1373 1580 facta

310 1643 373 1683 esse
396 1632 517 1691 senatus
537 1623 695 1699 consulta,
729 1643 859 1702 quorum
881 1622 1018 1702 exempla
1036 1623 1131 1681 mittit
1150 1621 1180 1703 l.
1202 1623 1229 1682 5.
1247 1621 1277 1682 6.
1296 1623 1325 1684 7.
1345 1623 1371 1684 8.

308 1729 385 1788 Turn
411 1727 496 1787 addit
526 1728 660 1808 Pompeii
691 1731 871 1788 senteutiam
895 1730 933 1788 de
962 1728 1127 1808 provinciis
1146 1726 1278 1788 Caesaris
1295 1727 1325 1809 ς.
1346 1728 1371 1789 9.

308 1833 463 1894 Postremo
489 1853 537 1892 res
571 1841 657 1908 suas,
681 1840 717 1891 ut
745 1833 879 1912 epistolis
907 1831 1135 1912 superioribus,
1163 1832 1372 1906 commendat,

307 1939 471 2018 pantheras
499 1948 529 1998 et
553 1936 755 2019 syngrapham
776 1939 935 1998 Sittianam
959 1936 989 2019 ς.
1012 1937 1057 1997 10.

347 2103 463 2182 Scripta
480 2103 603 2161 videtur
620 2101 711 2160 initio
727 2121 768 2160 m.
786 2102 940 2176 Octobris,
960 2101 1086 2161 fortasse
1103 2103 1176 2182 ipsis
1193 2101 1346 2164 Kalendis.

492 2303 544 2386 Μ.
574 2299 739 2384 Casurus
766 2301 820 2383 tt.
850 2300 1035 2385 &cauom
1063 2301 1104 2382 S.
1132 2299 1180 2382 l).

363 2539 396 2610 1.
446 2539 540 2610 Etsi¹
565 2537 609 2616 de
629 2561 665 2608 re
689 2522 828 2632 publica
851 2560 939 2632 quae
961 2537 1025 2608 tibi
1049 2537 1216 2626 scribam,
1241 2538 1372 2609 habeo:
1472 2558 1473 2561 ’

308 2673 425 2738 tamen
448 2666 556 2756 nihil,
579 2663 700 2759 quod²
735 2664 839 2758 magis
874 2666 1065 2758 gavisurum
1090 2678 1125 2737 te
1147 2677 1291 2762 putem,
1315 2665 1371 2736 ha·

311 2795 398 2887 beo,
423 2820 526 2892 quam
551 2795 626 2868 hoc.
676 2793 790 2884 Scito,
813 2795 851 2866 C.
876 2794 1112 2890 Sempronium
1135 2794 1281 2885 Rufum,
1302 2795 1371 2864 Ru·

310 2923 409 3016 fum,
434 2924 501 2995 mel
523 2948 562 2995 ac
584 2921 721 2992 delicias
744 2934 837 3012 tuas,
862 2923 1066 2994 calumniam
1091 2924 1235 2993 maximo
1248 2922 1370 3016 plausu

311 3051 439 3121 tulisse.
489 3051 650 3141 Quaeris,
676 3076 718 3120 an
744 3049 896 3122 causa³l
945 3051 991 3120 Μ.
1018 3051 1207 3140 Tuccium,
1239 3074 1370 3122 accusa-

311 3189 419 3250 torem
456 3200 574 3267 suum,
612 3189 688 3271 post
723 3177 821 3248 ludos
855 3177 1021 3249 Romanos
1045 3203 1141 3248 reum
1166 3180 1239 3272 lege
1263 3179 1371 3251 Plotia

312 3308 356 3378 de
381 3308 413 3377 vi
437 3306 543 3393 fecit,
566 3307 631 3380 hoc
654 3308 815 3399 consilio,
848 3309 941 3403 quod
979 3309 1140 3400 videbat,
1177 3315 1204 3381 si
1228 3323 1371 3383 extraor-

309 3437 460 3508 dinarius
495 3460 573 3507 reus
609 3451 733 3508 namot
758 3437 969 3525 accessisset,
1004 3437 1068 3508 sibi
1098 3437 1163 3510 hoc
1187 3464 1274 3513 anno
1295 3466 1372 3512 cau-

309 3589 378 3634 sam
415 3587 486 3634 esse
522 3563 712 3634 dicendam.
762 3563 915 3634 Dubium
949 3588 1050 3658 porro
1088 3565 1139 3636 illi
1174 3592 1241 3639 non
1273 3582 1371 3659 crat,

301 3721 543 3738 ————-—-

355 3795 395 3863 (1)
411 3823 446 3834 -
461 3794 527 3845 Etsi
550 3794 635 3845 mutia
653 3793 744 3845 Lcmb.
782 3796 821 3864 (2)
846 3795 890 3848 Sic
911 3796 962 3847 lld.
983 3797 1051 3848 Vict.
1079 3799 1104 3847 2.
1132 3796 1226 3848 Graes.
1244 3795 1373 3864 chq.··-

310 3901 362 3952 quc
378 3883 460 3953 Nesp.
481 3884 571 3950 Autiq.
588 3882 656 3936 Grai.
675 3885 740 3936 Vict.
758 3887 783 3936 1.
800 3884 891 3936 Lamb.
928 3887 968 3954 (3)
986 3887 1030 3938 Sic
1046 3887 1096 3938 lld.
1113 3887 1215 3938 Bened.
1230 3886 1298 3938 Sane
1311 3903 1371 3938 cor-

309 3982 394 4041 rupte.
428 3971 481 4024 Sed
500 3973 526 4022 in
540 3971 582 4022 his
598 3972 674 4026 latet:
696 3977 770 4028 Car?
786 3979 899 4043 quaeris.
926 3980 1020 4028 Animi
1035 3994 1125 4028 causa.
1157 3978 1211 4028 Car
1225 3976 1374 4046 absorptum

308 4082 322 4115 a
341 4064 451 4128 Quaeris
472 4073 577 4131 propter
591 4067 724 4133 antiquum
740 4067 890 4136 scripturam
911 4069 1006 4130 Quum
1031 4067 1112 4116 animi
1128 4083 1175 4135 per
1190 4065 1376 4134 compendium

309 4154 441 4206 redactum
457 4151 484 4202 in
500 4168 544 4201 cn.
556 4180 591 4192 -
606 4154 676 4220 qaod
690 4155 713 4204 is
730 4155 758 4205 ic
772 4171 852 4205 caasa
870 4153 938 4206 Crat.
955 4183 990 4194 —-
1009 4157 1137 4218 Quaeris,
1162 4171 1216 4222 quc
1232 4157 1260 4206 in
1273 4157 1375 4206 causa?

311 4247 414 4311 Ceteri,
433 4245 503 4314 quod
520 4254 546 4294 et
560 4242 714 4308 languidum
731 4253 786 4306 est,
808 4255 832 4294 et
844 4246 889 4294 vix
906 4254 1056 4312 corruptum
1072 4255 1148 4296 esset.
1184 4247 1274 4297 Animi
1289 4256 1377 4296 autem

309 4356 402 4401 causa,
421 4337 485 4406 quia
500 4352 530 4387 ee
544 4334 669 4386 accusatio
686 4333 890 4402 petulantissima
907 4335 966 4384 fuit.
1003 4334 1043 4402 (i)
1061 4363 1096 4374 —-
1113 4351 1187 4387 nemo
1213 4352 1274 4387 raas
1288 4335 1370 4404 Neap.

310 4429 399 4496 antiq.
425 4421 493 4478 Crat.
517 4422 609 4476 lamb.
632 4423 716 4475 l'um:
741 4441 770 4469 =
795 4425 926 4476 accidisset
940 4407 1023 4492 ldarpo
1042 4423 1109 4478 Orat.
