2978 5186
682 914 901 973 mnu.
955 913 1027 973 ΙΙ.

371 1138 401 1222 5.
424 1137 451 1198 1.
495 1133 622 1211 Certe,
647 1137 823 1215 iuquam,
848 1135 1057 1193 absolutus
1077 1145 1143 1194 est.
1184 1135 1389 1211 Familiariter‚

333 1255 361 1302 et
383 1245 498 1320 amice,
519 1261 590 1302 cum
611 1243 711 1320 specie
731 1240 967 1318 indignationis,
986 1259 1065 1318 quae
1086 1239 1179 1299 verbo
1199 1243 1325 1320 inquam
1345 1265 1393 1304 ex-

282 1331 289 1338 *
331 1350 488 1428 primitur;
508 1347 591 1427 quod
611 1346 713 1406 Cicero
723 1353 869 1428 negarat,
887 1344 1042 1404 hominem
1060 1344 1175 1404 absolvi
1191 1366 1288 1424 posse.
1317 1349 1392 1424 Quae

317 1433 535 1516 ¹altercationis
558 1455 689 1514 imitatio
722 1453 760 1513 ab
788 1452 881 1512 alacri
911 1453 1033 1530 ingenio
1060 1449 1195 1530 profecta
1214 1471 1278 1510 nou
1294 1453 1394 1533 displi-

332 1570 389 1619 cet.
1272 1558 1392 1618 ers.

372 1685 423 1723 me
440 1673 772 1744 repraesentante.
825 1661 897 1722 Mira
925 1661 1049 1720 licentia
1077 1660 1195 1720 Coelius
1230 1681 1391 1741 repraesen-

271 1753 273 1756 ¹
334 1778 413 1826 tante
437 1789 491 1848 pro
515 1778 669 1848 praesente
695 1767 793 1840 dixit,
817 1766 900 1845 qnod
931 1776 1033 1824 tamen
1053 1767 1085 1823 in
1105 1767 1291 1846 quibusdam
1313 1769 1393 1829 libris

220 1917 224 1926 ,
331 1875 448 1933 visitur.
489 1872 735 1952 Repraesentatur
765 1881 806 1928 est
827 1873 860 1928 in
878 1871 1012 1943 iudicio,
1030 1881 1156 1930 novator
1173 1871 1228 1931 ille
1248 1873 1392 1952 Apuleius

335 1977 369 2037 X.
388 1977 453 2038 llet.
474 1998 504 2056 p.
523 1975 595 2036 243.
612 1976 710 2053 dixit;
730 1974 783 2034 sed
800 1973 832 2033 id
851 1994 959 2053 parum
974 1975 1067 2034 iuvat.
1280 1979 1392 2040 Gonnus.

375 2082 472 2142 Vide
499 2083 627 2154 morlo;
654 2081 801 2159 inquis.
843 2077 939 2155 Non,
965 2079 1214 2160 mehercules.
1255 2084 1392 2143 Dumni-

332 2191 391 2248 mis
431 2197 512 2248 amat
551 2189 730 2246 brevitatem
760 2184 895 2252 Coelius,
926 2184 1069 2243 obscurat
1097 2203 1185 2265 saepe
1213 2190 1390 2249 sententias:

333 2279 417 2373 quod
447 2296 479 2352 in
508 2291 684 2370 Thucydide
712 2291 822 2350 vitium
852 2290 954 2349 Cicero
979 2293 1104 2354 notavit.
1145 2291 1273 2351 Videtur
1301 2302 1392 2352 tamem

333 2397 448 2475 lingere
472 2396 624 2455 dicentem
649 2394 838 2453 Ciceronem:
873 2392 948 2452 Vide
969 2395 1069 2471 modo,
1090 2393 1188 2454 Coeli:
1204 2397 1391 2457 uoudeldes-

334 2499 399 2558 'sala
428 2500 498 2558 bene
528 2499 658 2557 homines
685 2499 881 2557 eaistimant?
908 2490 969 2558 nort
996 2501 1060 2558 eius
1084 2509 1168 2579 patet
1201 2502 1391 2562 innocentia?

334 2605 504 2684 Respondet
525 2605 662 2664 Coelius:
684 2603 751 2662 Non
770 2605 945 2664 mehercules
962 2614 1018 2664 etc.
1297 2607 1392 2668 lisam

374 2745 437 2758 --
455 2746 517 2758 -
557 2713 634 2772 llaec
661 2713 738 2770 mihi
765 2731 826 2770 non
853 2713 984 2792 placent.
1025 2704 1091 2772 Non
1112 2711 1214 2784 rideo,
1235 2712 1311 2792 quid
1328 2712 1393 2770 salis

334 2821 409 2880 insit
427 2821 461 2878 in
486 2827 632 2898 perpetua
652 2818 821 2876 imitatione
838 2817 985 2896 colloquii
1005 2801 1149 2895 vulgaris.
1190 2817 1302 2877 Saltem
1320 2817 1392 2875 liene

260 2985 263 2994 ,
336 2933 474 2986 contexta
498 2924 595 2982 oratio
625 2921 815 2980 tantumdem
839 2921 928 2994 salis,
957 2931 987 2981 et
1011 2923 1080 3001 plus
1100 2923 1283 2985 urbanitatis
1299 2924 1393 2982 suavi-

335 3032 466 3108 tatisque
486 3027 585 3086 habet.
697 3035 703 3052 ¹
1278 3027 1392 3087 Wusns.

376 3130 636 3190 ualidissime.
680 3130 735 3189 Pro
764 3128 934 3188 valdissime
944 3155 957 3204 ,·
986 3151 1055 3192 nam
1088 3133 1172 3192 valde
1195 3133 1232 3191 fit
1252 3153 1271 3192 a
1292 3131 1391 3191 calide.

336 3236 465 3295 Unicum
496 3234 597 3292 adhue
617 3235 790 3293 invenimus
812 3236 1001 3315 exemplum,
1021 3237 1104 3316 quod
1122 3239 1230 3296 recitet
1249 3238 1392 3298 Charisius

340 3341 426 3421 [lust.
458 3342 588 3402 Gramm.
617 3341 656 3400 ΙΙ.
689 3361 718 3419 p.
740 3338 822 3420 192]
843 3337 879 3399 ei
899 3340 963 3401 divi
984 3343 1126 3428 Hadriani
1146 3344 1316 3402 orationum
1335 3342 1391 3401 Xll.

338 3445 371 3505 A
407 3433 505 3522 rolris,
540 3446 659 3524 inquit,
683 3443 720 3505 P.
760 3442 790 3502 C.
813 3455 883 3524 peto
911 3455 939 3503 et
966 3448 1191 3526 impetraturum
1217 3447 1390 3506 calidissime

338 3554 444 3631 cupio,
475 3561 509 3610 ut
531 3552 668 3630 prouirne
689 3551 852 3630 imaginem
877 3548 1012 3631 Augusti
1031 3563 1200 3633 argenteum
1214 3555 1318 3632 potius
1335 3551 1390 3628 ely·

333 3677 441 3736 peum,
463 3657 541 3713 sicut
561 3654 716 3736 Augusto,
735 3657 864 3734 ponetis.
1299 3657 1388 3715 llrmr.

373 3759 577 3841 postridie
607 3761 691 3817 eius
721 3760 1002 3819 absolutionis.
1062 3761 1216 3820 Postridie
1248 3765 1310 3820 eius
1333 3759 1387 3818 diri

337 3865 415 3924 dixit
432 3864 584 3943 Sulpicius
602 3865 633 3922 L.
651 3863 701 3924 Ν.
721 3862 772 3944 Ep.
792 3863 839 3924 12.
861 3873 891 3924 et
908 3865 1013 3925 Caesar
1034 3867 1073 3925 de
1091 3867 1121 3926 B.
1141 3867 1216 3926 Gall.
1239 3868 1263 3927 Ι.
1284 3867 1329 3926 23.
1347 3861 1388 3922 48.

339 3969 389 4030 51.
418 3968 571 4028 Postridie
591 3969 675 4028 ludos
691 3969 882 4049 Apollinares
902 3970 1004 4031 Cicero
1020 3973 1058 4031 ad
1078 3972 1140 4031 Att.
1160 3972 1191 4031 L.
1211 3971 1286 4034 XVI.
1301 3971 1347 4049 Ep.
1366 3967 1389 4025 4·

338 4075 490 4134 Postridie
509 4075 689 4153 simpliciter
709 4074 821 4134 Cicero.
1305 4077 1392 4135 lisam

378 4199 484 4240 suum
514 4179 703 4260 gaudium
732 4157 1000 4260 gauderemus.
1049 4181 1097 4240 Sic
1127 4182 1218 4261 plane
1247 4183 1388 4242 Terentius

337 4287 431 4350 Andr.
459 4287 493 4348 V.
523 4289 550 4348 5.
580 4286 608 4349 8.
650 4285 727 4347 Nam
747 4287 824 4348 lunc
845 4289 907 4348 seio
925 4309 989 4347 mea
1007 4288 1099 4348 solide
1119 4287 1213 4354 solinu
1225 4290 1388 4370 gavisurum

250 4439 257 4463 κ
335 4394 459 4476 gaudia·
1281 4394 1388 4454 Canius.

978 4589 985 4620 l
