2978 5186
589 345 660 450 '175

94 611 267 664 mutentur.
316 587 433 658 1100101
452 597 730 657 Drakenborchiom
762 607 790 656 ct
820 598 903 656 Viros
933 598 1056 670 Bootes,
1075 593 1163 676 'quos

94 708 206 768 landet
225 707 266 766 od
286 705 363 786 Livii
384 705 415 762 L.
435 702 484 762 lx.
505 721 530 761 0.
552 703 586 760 X.
606 701 636 782 5.
658 701 687 761 6.
1022 701 1167 762 Bsrsnrcr.

138 801 204 860 L·-
223 843 285 859 --·
325 810 459 886 Possive3
489 829 594 869 verum
623 811 774 869 inusitate.
817 808 898 868 Gorl.
926 827 997 868 cum
1025 809 1167 888 plurimis

95 927 281 992 mercretur,
314 914 396 973 unde
424 913 468 974 cl.
497 910 649 972 Benedict.
680 914 805 972 coniicit
834 933 916 970 moro
951 913 1049 988 detor,
1085 914 1170 994 qu'od

94 1024 210 1083 saltem
230 1019 377 1080 facilitate
397 998 429 1090 se
450 1019 652 1080 commendat.
674 1093 676 1102 Ι
1043 1019 1172 1078 Wrrsrr.

140 1126 225 1209 §.d
266 1125 346 1183 Hoc
372 1127 409 1184 si
437 1144 536 1183 coss
554 1121 776 1204 praeterito
803 1133 861 1183 cet.
912 1124 1020 1202 Negari
1046 1127 1171 1203 nequit,

97 1236 215 1292 iterum
243 1233 275 1288 in
303 1229 364 1288 hec
385 1239 446 1290 tota
467 1230 591 1308 periodo
612 1229 786 1290 Coelianum
807 1227 931 1287 dicendi
950 1247 1048 1306 genus
1066 1247 1172 1306 regna·

96 1355 141 1395 re.
186 1333 261 1392 llens
299 1333 404 1393 Cicero
425 1344 507 1393 certe
537 1353 599 1394 non
625 1335 807 1413 scripsisset:
841 1329 932 1392 Corio
961 1342 990 1389 st
1018 1333 1097 1390 actio
1125 1333 1172 1390 ist·

96 1441 206 1513 erosit,
233 1457 334 1518 neque
361 1439 509 1516 posuisset
536 1438 705 1517 perfectum
734 1448 855 1517 tempus
882 1437 1018 1508 introiit,
1040 1434 1079 1495 de
1099 1447 1173 1497 tern-

97 1562 177 1624 pore
203 1541 304 1602 adhuc
334 1540 447 1601 futuro.
489 1543 554 1602 Non
580 1543 705 1604 dixisset
725 1544 764 1604 de
785 1541 890 1602 eodem
913 1551 1048 1620 tempore
1070 1541 1176 1600 adhuc*

99 1646 323 1727 exspectando:
354 1667 443 1724 quom
464 1648 564 1728 focile
591 1667 685 1728 0808οᾗ
700 1651 755 1724 sit,
786 1657 878 1729 etque
904 1649 943 1707 ab
969 1647 1023 1706 ille
1053 1647 1175 1708 numeri

98 1753 231 1832 syllepsi
260 1751 345 1810 haud
375 1751 469 1812 dubie
498 1753 702 1814 abstinuisset.
734 1754 854 1814 Coelius
883 1754 1019 1814 enimin
1042 1752 1091 1810 his
1110 1771 1176 1812 rer·

99 1862 168 1920 bist
206 1861 260 1937 qni
295 1876 353 1916 sen
388 1873 479 1914 creso
515 1876 610 1936 resep..
640 1873 706 1926 coo⁴
735 1869 854 1933 curent,
884 1856 1007 1936 syllepsi
1037 1858 1173 1929 numeri,

100 1983 187 2044 quse
222 1963 359 2036 dieitur,¹
384 1979 456 2020 uses
487 1979 550 2020 esse
580 1948 720 2034 v'idetnr,
750 1962 821 2042 qnia
851 1980 913 2020 non
940 1961 1038 2020 solnm
1069 1953 1177 2020 Gnoses

100 2089 187 2143 rem,
218 2085 311 2148 quem
332 2067 565 2134 nominaverat.
587 2064 641 2125 ssd
670 2066 764 2125 simul
795 2066 870 2125 alios
891 2065 1021 2135 multos,
1042 2085 1177 2144 quornm·

83 2173 222 2236 ,auxilio
247 2171 354 2230 deeset
382 2170 539 2244 ntelsstns,
561 2170 658 2228 simul·
676 2171 837 2229 intellexit.
1035 2169 1175 2228 Bersercr.

148 2287 271 2352 css-ret,
299 2274 649 2354 superet··sollit.
699 2273 780 2335 Extr.
814 2263 994 2349 tria'rerbn
1032 2275 1176 2352 deinceps

104 2385 207 2463 posite
223 2384 356 2459 'ingrate
389 2391 479 2456 sunt,
511 2391 541 2439 st
568 2380 760 2458 periodicnns
789 2379 973 2454 artificium,
1004 2377 1088 2458 qnod
1115 2361 1178 2437 non

105 2489 199 2558 artis,
238 2486 292 2545 sed
328 2494 453 2545 naturae
494 2488 526 2543 in
556 2484 693 2564 epistolis
724 2484 821 2544 videri
852 2484 959 2558 dehet,
989 2485 1209 2579 nimis-pro2

102 2593 197 2652 dsnrt.

561 2845 725 2872 —00000—

434 3083 667 3146 tmen.
722 3081 845 3136 vll.

155 3301 259 3360 Cicero
282 3301 345 3380 ipse
372 3299 422 3381 (ed
452 3302 513 3363 Att.
540 3304 588 3363 Vl.
619 3303 658 3384 1.)
689 3303 743 3362 hos
765 3305 883 3362 litteras
901 3311 1037 3362 accurate
1055 3304 1183 3382 reseptos

109 3406 208 3468 dicit:
236 3406 320 3485 quod
343 3425 406 3466 non
433 3409 472 3468 ed
497 3409 608 3485 verbe,
631 3409 685 3468 sed
708 3409 747 3468 ed
777 3427 879 3468 rerum
908 3407 1074 3486 diligenter
1095 3427 1183 3486 expo-

111 3513 244 3570 sitorum
276 3521 306 3570 et
340 3513 620 3578 commendatarum
648 3515 766 3594 copiam
799 3513 939 3593 pertinet.
989 3512 1089 3572 Nimia
1119 3531 1185 3572 ver·

113 3615 227 3676 horum
253 3615 385 3676 brevitas
413 3628 458 3692 et,
483 3621 506 3679 si
536 3621 613 3699 qnid
641 3618 727 3681 aliud
750 3619 819 3678 vitii
844 3619 940 3692 inest,
960 3616 1045 3676 illem
1061 3616 1184 3676 leudem

113 3738 179 3780 non
197 3713 287 3780 tollit.
1058 3722 1186 3782 Wsrsns.

160 3820 190 3904 5.
213 3821 241 3884 1.
284 3826 405 3885 civem
433 3827 567 3906 donum
596 3828 709 3888 lodis.
751 3827 829 3886 Eine
856 3825 941 3886 Rolle
960 3827 1073 3907 spielsn
1091 3826 1186 3885 heisst

117 3926 209 3985 nicht
238 3926 336 3988 ludere
366 3951 524 4010 personam
554 3933 627 3994 oder
652 3943 772 4012 portes,
801 3931 933 3992 sondern
961 3952 1047 4013 ogere
1068 3941 1186 4011 portos,

117 4031 202 4092 auch
223 4031 289 4092 blos
316 4055 411 4116 ogere.
452 4035 525 4118 (Cic.
553 4037 633 4098 Oret.
660 4038 685 4096 l.
705 4035 756 4097 27.
779 4033 847 4096 124.
867 4036 959 4095 hodie
980 4037 1080 4096 noluit
1102 4055 1188 4116 ogere

118 4135 275 4220 Roscius);
308 4139 467 4200 Jemondss
492 4143 578 4202 Rolle
606 4142 735 4224 spielen,
764 4139 1017 4222 clipusmcg'srs,
1038 4141 1189 4200 01018110-

120 4241 212 4313 dero,·
242 4263 266 4303 z.
298 4243 329 4305 B.
359 4266 391 4304 er
418 4248 504 4328 spiclt
523 4248 571 4308 dis
593 4249 677 4308 Rolle
699 4248 749 4307 des
769 4245 923 4320 Chaereas,
945 4249 1011 4329 ogit
1032 4245 1188 4306 Clsoersom

116 4345 195 4438 (Cic.
222 4349 307 4410 Rosc.
339 4350 419 4414 Corn.
448 4353 477 4418 7.
502 4353 579 4436 211),
601 4352 1189 4432 0101110111010888008,0110800880-
