<?xml version="1.0" encoding="UTF-8"?>
<!DOCTYPE html PUBLIC "-//W3C//DTD XHTML 1.0 Transitional//EN"
    "http://www.w3.org/TR/xhtml1/DTD/xhtml1-transitional.dtd">
<html xmlns="http://www.w3.org/1999/xhtml" xml:lang="en" lang="en">
 <head>
  <title>
</title>
<meta http-equiv="Content-Type" content="text/html;charset=utf-8" />
  <meta name='ocr-system' content='tesseract 3.04.00' />
  <meta name='ocr-capabilities' content='ocr_page ocr_carea ocr_par ocr_line ocrx_word'/>
</head>
<body>
  <div class='ocr_page' id='page_1' title='image "./caeliirufietcic00surigoog_0139.png"; bbox 0 0 2978 5186; ppageno 0'>
   <div class='ocr_carea' id='block_1_1' title="bbox 790 380 858 453">
    <p class='ocr_par' dir='ltr' id='par_1_1' title="bbox 790 380 858 453">
     <span class='ocr_line' id='line_1_1' title="bbox 790 380 858 453; baseline -0.044 -12"><span class='ocrx_word' id='word_1_1' title='bbox 790 380 858 453; x_wconf 49' lang='lat'>132,</span> 
     </span>
    </p>
   </div>
   <div class='ocr_carea' id='block_1_2' title="bbox 201 578 1383 3801">
    <p class='ocr_par' dir='ltr' id='par_1_2' title="bbox 201 578 1383 3801">
     <span class='ocr_line' id='line_1_2' title="bbox 280 578 1366 670; baseline -0.032 1"><span class='ocrx_word' id='word_1_2' title='bbox 280 613 398 670; x_wconf 53' lang='lat' dir='ltr'>*tinum</span> <span class='ocrx_word' id='word_1_3' title='bbox 421 605 458 663; x_wconf 92' lang='lat' dir='ltr'>de</span> <span class='ocrx_word' id='word_1_4' title='bbox 476 600 594 660; x_wconf 89' lang='lat' dir='ltr'>ambitu</span> <span class='ocrx_word' id='word_1_5' title='bbox 614 596 731 659; x_wconf 87' lang='lat' dir='ltr'>actione</span> <span class='ocrx_word' id='word_1_6' title='bbox 752 588 825 658; x_wconf 92' lang='lat' dir='ltr'>illa,</span> <span class='ocrx_word' id='word_1_7' title='bbox 843 601 935 664; x_wconf 87' lang='lat' dir='ltr'>quam</span> <span class='ocrx_word' id='word_1_8' title='bbox 946 579 1077 640; x_wconf 79' lang='lat' dir='ltr'><strong>Atratini</strong></span> <span class='ocrx_word' id='word_1_9' title='bbox 1091 579 1173 638; x_wconf 81' lang='lat' dir='ltr'>filius</span> <span class='ocrx_word' id='word_1_10' title='bbox 1191 578 1366 638; x_wconf 71' lang='lat' dir='ltr'>ulciscendi</span> 
     </span>
     <span class='ocr_line' id='line_1_3' title="bbox 297 681 1366 795; baseline -0.032 -22"><span class='ocrx_word' id='word_1_11' title='bbox 297 712 391 795; x_wconf 81' lang='lat' dir='ltr'>patria</span> <span class='ocrx_word' id='word_1_12' title='bbox 417 724 508 767; x_wconf 78' lang='lat' dir='ltr'>cauea</span> <span class='ocrx_word' id='word_1_13' title='bbox 535 700 635 761; x_wconf 89' lang='lat' dir='ltr'>Coelio</span> <span class='ocrx_word' id='word_1_14' title='bbox 655 692 836 762; x_wconf 76' lang='lat' dir='ltr'>intentavit,</span> <span class='ocrx_word' id='word_1_15' title='bbox 856 706 916 747; x_wconf 91' lang='lat' dir='ltr'>nou</span> <span class='ocrx_word' id='word_1_16' title='bbox 932 684 1030 744; x_wconf 90' lang='lat' dir='ltr'>multo</span> <span class='ocrx_word' id='word_1_17' title='bbox 1047 685 1131 762; x_wconf 88' lang='lat' dir='ltr'>prior</span> <span class='ocrx_word' id='word_1_18' title='bbox 1147 681 1289 756; x_wconf 85' lang='lat' dir='ltr'>videtur,</span> <span class='ocrx_word' id='word_1_19' title='bbox 1307 684 1366 740; x_wconf 81' lang='lat' dir='ltr'>etei</span> 
     </span>
     <span class='ocr_line' id='line_1_4' title="bbox 280 788 1366 878; baseline -0.034 1"><span class='ocrx_word' id='word_1_20' title='bbox 280 814 469 878; x_wconf 48' lang='lat' dir='ltr'>¹accuratius</span> <span class='ocrx_word' id='word_1_21' title='bbox 507 806 628 866; x_wconf 83' lang='lat' dir='ltr'>deliniri</span> <span class='ocrx_word' id='word_1_22' title='bbox 653 800 708 860; x_wconf 90' lang='lat' dir='ltr'>illa</span> <span class='ocrx_word' id='word_1_23' title='bbox 731 815 779 856; x_wconf 86' lang='lat' dir='ltr'>rea</span> <span class='ocrx_word' id='word_1_24' title='bbox 802 813 865 853; x_wconf 91' lang='lat' dir='ltr'>non</span> <span class='ocrx_word' id='word_1_25' title='bbox 892 798 1008 872; x_wconf 78' lang='lat' dir='ltr'>potest3</span> <span class='ocrx_word' id='word_1_26' title='bbox 1040 788 1120 847; x_wconf 89' lang='lat' dir='ltr'>nihil</span> <span class='ocrx_word' id='word_1_27' title='bbox 1150 789 1216 846; x_wconf 81' lang='lat' dir='ltr'>eiua</span> <span class='ocrx_word' id='word_1_28' title='bbox 1244 797 1366 865; x_wconf 87' lang='lat' dir='ltr'>praeter</span> 
     </span>
     <span class='ocr_line' id='line_1_5' title="bbox 296 891 1362 986; baseline -0.034 -2"><span class='ocrx_word' id='word_1_29' title='bbox 296 919 472 983; x_wconf 85' lang='lat' dir='ltr'>memoriam</span> <span class='ocrx_word' id='word_1_30' title='bbox 503 917 608 972; x_wconf 80' lang='lat' dir='ltr'>exstat.</span> <span class='ocrx_word' id='word_1_31' title='bbox 648 903 805 965; x_wconf 74' lang='lat' dir='ltr'>Atratinus</span> <span class='ocrx_word' id='word_1_32' title='bbox 827 899 909 986; x_wconf 84' lang='lat' dir='ltr'>enim</span> <span class='ocrx_word' id='word_1_33' title='bbox 933 893 1069 952; x_wconf 89' lang='lat' dir='ltr'>damnati</span> <span class='ocrx_word' id='word_1_34' title='bbox 1098 891 1181 950; x_wconf 78' lang='lat' dir='ltr'>filius</span> <span class='ocrx_word' id='word_1_35' title='bbox 1199 911 1216 950; x_wconf 89' lang='lat' dir='ltr'>a</span> <span class='ocrx_word' id='word_1_36' title='bbox 1235 891 1362 968; x_wconf 81' lang='lat' dir='ltr'>Clodia,</span> 
     </span>
     <span class='ocr_line' id='line_1_6' title="bbox 298 996 1365 1108; baseline -0.031 -21"><span class='ocrx_word' id='word_1_37' title='bbox 298 1045 391 1108; x_wconf 88' lang='lat' dir='ltr'>quam</span> <span class='ocrx_word' id='word_1_38' title='bbox 428 1009 580 1080; x_wconf 80' lang='lat' dir='ltr'>amaverat</span> <span class='ocrx_word' id='word_1_39' title='bbox 605 1010 739 1079; x_wconf 84' lang='lat' dir='ltr'>Caelina,</span> <span class='ocrx_word' id='word_1_40' title='bbox 771 1004 931 1080; x_wconf 77' lang='lat' dir='ltr'>instigatus</span> <span class='ocrx_word' id='word_1_41' title='bbox 960 1000 1042 1057; x_wconf 89' lang='lat' dir='ltr'>huno</span> <span class='ocrx_word' id='word_1_42' title='bbox 1068 996 1107 1055; x_wconf 89' lang='lat' dir='ltr'>de</span> <span class='ocrx_word' id='word_1_43' title='bbox 1135 998 1165 1054; x_wconf 87' lang='lat' dir='ltr'>vi</span> <span class='ocrx_word' id='word_1_44' title='bbox 1194 996 1365 1076; x_wconf 71' lang='lat' dir='ltr'>postulavit</span> 
     </span>
     <span class='ocr_line' id='line_1_7' title="bbox 299 1100 1364 1192; baseline -0.031 0"><span class='ocrx_word' id='word_1_45' title='bbox 299 1131 427 1192; x_wconf 84' lang='lat' dir='ltr'>adnrirto</span> <span class='ocrx_word' id='word_1_46' title='bbox 453 1121 595 1185; x_wconf 86' lang='lat' dir='ltr'>veneficii</span> <span class='ocrx_word' id='word_1_47' title='bbox 626 1114 732 1175; x_wconf 89' lang='lat' dir='ltr'>tentati</span> <span class='ocrx_word' id='word_1_48' title='bbox 763 1109 910 1182; x_wconf 85' lang='lat' dir='ltr'>crimine,</span> <span class='ocrx_word' id='word_1_49' title='bbox 937 1122 1014 1182; x_wconf 89' lang='lat' dir='ltr'>quae</span> <span class='ocrx_word' id='word_1_50' title='bbox 1039 1105 1087 1160; x_wconf 84' lang='lat' dir='ltr'>re&#39;a</span> <span class='ocrx_word' id='word_1_51' title='bbox 1105 1109 1135 1160; x_wconf 84' lang='lat' dir='ltr'>et</span> <span class='ocrx_word' id='word_1_52' title='bbox 1153 1121 1189 1160; x_wconf 85' lang='lat' dir='ltr'>ex</span> <span class='ocrx_word' id='word_1_53' title='bbox 1208 1100 1364 1160; x_wconf 74' lang='lat' dir='ltr'>Ciceronis</span> 
     </span>
     <span class='ocr_line' id='line_1_8' title="bbox 297 1205 1361 1296; baseline -0.03 1"><span class='ocrx_word' id='word_1_54' title='bbox 297 1205 475 1296; x_wconf 77' lang='lat' dir='ltr'>detentione</span> <span class='ocrx_word' id='word_1_55' title='bbox 503 1232 642 1286; x_wconf 85' lang='lat' dir='ltr'>accurate</span> <span class='ocrx_word' id='word_1_56' title='bbox 663 1219 759 1278; x_wconf 78' lang='lat' dir='ltr'>scitur</span> <span class='ocrx_word' id='word_1_57' title='bbox 783 1224 813 1272; x_wconf 85' lang='lat' dir='ltr'>et</span> <span class='ocrx_word' id='word_1_58' title='bbox 827 1218 968 1272; x_wconf 85' lang='lat' dir='ltr'>accurato</span> <span class='ocrx_word' id='word_1_59' title='bbox 986 1206 1163 1283; x_wconf 77' lang='lat' dir='ltr'>Quintiliani</span> <span class='ocrx_word' id='word_1_60' title='bbox 1185 1208 1361 1267; x_wconf 78' lang='lat' dir='ltr'>testimonio</span> 
     </span>
     <span class='ocr_line' id='line_1_9' title="bbox 299 1311 1363 1402; baseline -0.029 0"><span class='ocrx_word' id='word_1_61' title='bbox 299 1340 506 1402; x_wconf 84' lang='lat' dir='ltr'>confirmatur.</span> <span class='ocrx_word' id='word_1_62' title='bbox 547 1330 628 1389; x_wconf 83' lang='lat' dir='ltr'>lluae</span> <span class='ocrx_word' id='word_1_63' title='bbox 658 1324 739 1384; x_wconf 90' lang='lat' dir='ltr'>enim</span> <span class='ocrx_word' id='word_1_64' title='bbox 766 1316 934 1398; x_wconf 88' lang='lat' dir='ltr'>particulae</span> <span class='ocrx_word' id='word_1_65' title='bbox 961 1311 1105 1372; x_wconf 75' lang='lat' dir='ltr'>orationis</span> <span class='ocrx_word' id='word_1_66' title='bbox 1132 1331 1149 1370; x_wconf 89' lang='lat' dir='ltr'>a</span> <span class='ocrx_word' id='word_1_67' title='bbox 1171 1311 1363 1386; x_wconf 84' lang='lat' dir='ltr'>Quintiliano</span> 
     </span>
     <span class='ocr_line' id='line_1_10' title="bbox 295 1415 1383 1514; baseline -0.034 -7"><span class='ocrx_word' id='word_1_68' title='bbox 295 1453 429 1506; x_wconf 81' lang='lat' dir='ltr'>retentae</span> <span class='ocrx_word' id='word_1_69' title='bbox 446 1448 535 1509; x_wconf 84' lang='lat' dir='ltr'>aunt,</span> <span class='ocrx_word' id='word_1_70' title='bbox 554 1451 615 1514; x_wconf 87' lang='lat' dir='ltr'>qua</span> <span class='ocrx_word' id='word_1_71' title='bbox 633 1429 750 1490; x_wconf 82' lang='lat' dir='ltr'>Caelius</span> <span class='ocrx_word' id='word_1_72' title='bbox 771 1424 910 1504; x_wconf 79' lang='lat' dir='ltr'>quamvis</span> <span class='ocrx_word' id='word_1_73' title='bbox 929 1419 1102 1478; x_wconf 81' lang='lat' dir='ltr'>Ciceronem</span> <span class='ocrx_word' id='word_1_74' title='bbox 1119 1425 1282 1495; x_wconf 88' lang='lat' dir='ltr'>patronum</span> <span class='ocrx_word' id='word_1_75' title='bbox 1302 1415 1383 1474; x_wconf 49' lang='lat' dir='ltr'>hau</span> 
     </span>
     <span class='ocr_line' id='line_1_11' title="bbox 294 1519 1364 1627; baseline -0.029 -17"><span class='ocrx_word' id='word_1_76' title='bbox 294 1551 369 1610; x_wconf 84' lang='lat' dir='ltr'>bena</span> <span class='ocrx_word' id='word_1_77' title='bbox 394 1564 448 1627; x_wconf 91' lang='lat' dir='ltr'>pro</span> <span class='ocrx_word' id='word_1_78' title='bbox 475 1563 507 1602; x_wconf 80' lang='lat' dir='ltr'>ae</span> <span class='ocrx_word' id='word_1_79' title='bbox 525 1543 589 1621; x_wconf 83' lang='lat' dir='ltr'>ipae</span> <span class='ocrx_word' id='word_1_80' title='bbox 609 1555 682 1622; x_wconf 79' lang='lat' dir='ltr'>usur</span> <span class='ocrx_word' id='word_1_81' title='bbox 698 1543 742 1594; x_wconf 85' lang='lat' dir='ltr'>eat</span> <span class='ocrx_word' id='word_1_82' title='bbox 757 1527 811 1612; x_wconf 87' lang='lat'>(1).</span> <span class='ocrx_word' id='word_1_83' title='bbox 856 1527 930 1586; x_wconf 87' lang='lat' dir='ltr'>llcta</span> <span class='ocrx_word' id='word_1_84' title='bbox 950 1544 986 1584; x_wconf 90' lang='lat' dir='ltr'>ea</span> <span class='ocrx_word' id='word_1_85' title='bbox 1002 1541 1091 1582; x_wconf 85' lang='lat' dir='ltr'>oauaa</span> <span class='ocrx_word' id='word_1_86' title='bbox 1109 1529 1152 1579; x_wconf 84' lang='lat' dir='ltr'>eat</span> <span class='ocrx_word' id='word_1_87' title='bbox 1172 1519 1253 1600; x_wconf 88' lang='lat' dir='ltr'>apud</span> <span class='ocrx_word' id='word_1_88' title='bbox 1270 1539 1364 1600; x_wconf 84' lang='lat' dir='ltr'>prae-</span> 
     </span>
     <span class='ocr_line' id='line_1_12' title="bbox 294 1625 1362 1714; baseline -0.027 -2"><span class='ocrx_word' id='word_1_89' title='bbox 294 1665 391 1714; x_wconf 85' lang='lat' dir='ltr'>torem</span> <span class='ocrx_word' id='word_1_90' title='bbox 410 1649 462 1709; x_wconf 88' lang='lat' dir='ltr'>Cn.</span> <span class='ocrx_word' id='word_1_91' title='bbox 484 1645 650 1706; x_wconf 82' lang='lat' dir='ltr'>Domitium</span> <span class='ocrx_word' id='word_1_92' title='bbox 671 1638 829 1698; x_wconf 86' lang='lat' dir='ltr'>Calvinum</span> <span class='ocrx_word' id='word_1_93' title='bbox 848 1652 873 1691; x_wconf 86' lang='lat' dir='ltr'>a.</span> <span class='ocrx_word' id='word_1_94' title='bbox 895 1628 956 1691; x_wconf 88' lang='lat'>698</span> <span class='ocrx_word' id='word_1_95' title='bbox 966 1625 1018 1709; x_wconf 91' lang='grc'>(2)</span> <span class='ocrx_word' id='word_1_96' title='bbox 1030 1625 1121 1684; x_wconf 87' lang='lat' dir='ltr'>-lle</span> <span class='ocrx_word' id='word_1_97' title='bbox 1132 1627 1220 1684; x_wconf 92' lang='lat' dir='ltr'>tertia</span> <span class='ocrx_word' id='word_1_98' title='bbox 1232 1643 1362 1684; x_wconf 80' lang='lat' dir='ltr'>accusa-</span> 
     </span>
     <span class='ocr_line' id='line_1_13' title="bbox 296 1728 1364 1817; baseline -0.027 0"><span class='ocrx_word' id='word_1_99' title='bbox 296 1761 379 1817; x_wconf 91' lang='lat' dir='ltr'>tione</span> <span class='ocrx_word' id='word_1_100' title='bbox 396 1773 456 1813; x_wconf 92' lang='lat' dir='ltr'>non</span> <span class='ocrx_word' id='word_1_101' title='bbox 474 1753 544 1811; x_wconf 80' lang='lat' dir='ltr'>satia</span> <span class='ocrx_word' id='word_1_102' title='bbox 564 1755 647 1807; x_wconf 89' lang='lat' dir='ltr'>certo</span> <span class='ocrx_word' id='word_1_103' title='bbox 664 1749 791 1803; x_wconf 75' lang='lat' dir='ltr'>constat.</span> <span class='ocrx_word' id='word_1_104' title='bbox 832 1734 960 1796; x_wconf 87' lang='lat' dir='ltr'>Plurimi</span> <span class='ocrx_word' id='word_1_105' title='bbox 977 1731 1102 1812; x_wconf 87' lang='lat' dir='ltr'>quidem</span> <span class='ocrx_word' id='word_1_106' title='bbox 1122 1728 1209 1788; x_wconf 89' lang='lat' dir='ltr'>Pauli</span> <span class='ocrx_word' id='word_1_107' title='bbox 1231 1729 1364 1788; x_wconf 89' lang='lat' dir='ltr'>llanutii</span> 
     </span>
     <span class='ocr_line' id='line_1_14' title="bbox 299 1833 1366 1925; baseline -0.029 -2"><span class='ocrx_word' id='word_1_108' title='bbox 299 1861 478 1924; x_wconf 76' lang='lat' dir='ltr'>sententiam</span> <span class='ocrx_word' id='word_1_109' title='bbox 499 1854 596 1915; x_wconf 84' lang='lat' dir='ltr'>oecuti</span> <span class='ocrx_word' id='word_1_110' title='bbox 614 1860 685 1910; x_wconf 86' lang='lat' dir='ltr'>aunt</span> <span class='ocrx_word' id='word_1_111' title='bbox 700 1849 734 1907; x_wconf 88' lang='lat' dir='ltr'>D.</span> <span class='ocrx_word' id='word_1_112' title='bbox 752 1842 904 1925; x_wconf 87' lang='lat' dir='ltr'>quendam</span> <span class='ocrx_word' id='word_1_113' title='bbox 921 1837 1057 1898; x_wconf 84' lang='lat' dir='ltr'>Laelium</span> <span class='ocrx_word' id='word_1_114' title='bbox 1074 1855 1091 1894; x_wconf 88' lang='lat' dir='ltr'>a</span> <span class='ocrx_word' id='word_1_115' title='bbox 1108 1834 1209 1892; x_wconf 88' lang='lat' dir='ltr'>Caelio</span> <span class='ocrx_word' id='word_1_116' title='bbox 1222 1833 1366 1911; x_wconf 75' lang='lat' dir='ltr'>postula-</span> 
     </span>
     <span class='ocr_line' id='line_1_15' title="bbox 297 1937 1365 2037; baseline -0.029 -10"><span class='ocrx_word' id='word_1_117' title='bbox 297 1975 383 2037; x_wconf 78' lang='lat' dir='ltr'>tum&#39;,</span> <span class='ocrx_word' id='word_1_118' title='bbox 408 1964 496 2023; x_wconf 79' lang='lat' dir='ltr'>cuiue</span> <span class='ocrx_word' id='word_1_119' title='bbox 527 1977 638 2017; x_wconf 89' lang='lat' dir='ltr'>nomen</span> <span class='ocrx_word' id='word_1_120' title='bbox 656 1955 688 2012; x_wconf 90' lang='lat' dir='ltr'>in</span> <span class='ocrx_word' id='word_1_121' title='bbox 707 1955 839 2010; x_wconf 83' lang='lat' dir='ltr'>incertae</span> <span class='ocrx_word' id='word_1_122' title='bbox 860 1944 1020 2004; x_wconf 82' lang='lat' dir='ltr'>cuiusdam</span> <span class='ocrx_word' id='word_1_123' title='bbox 1038 1938 1181 2000; x_wconf 78' lang='lat' dir='ltr'>orationis</span> <span class='ocrx_word' id='word_1_124' title='bbox 1201 1937 1365 1996; x_wconf 86' lang='lat' dir='ltr'>Caelianae</span> 
     </span>
     <span class='ocr_line' id='line_1_16' title="bbox 295 2039 1365 2146; baseline -0.029 -14"><span class='ocrx_word' id='word_1_125' title='bbox 295 2073 364 2131; x_wconf 91' lang='lat' dir='ltr'>loco</span> <span class='ocrx_word' id='word_1_126' title='bbox 394 2075 489 2128; x_wconf 81' lang='lat' dir='ltr'>exstat</span> <span class='ocrx_word' id='word_1_127' title='bbox 504 2061 557 2146; x_wconf 88' lang='grc'>(3).</span> <span class='ocrx_word' id='word_1_128' title='bbox 597 2058 760 2120; x_wconf 76' lang='lat' dir='ltr'>Distentire</span> <span class='ocrx_word' id='word_1_129' title='bbox 777 2064 808 2112; x_wconf 87' lang='lat' dir='ltr'>et</span> <span class='ocrx_word' id='word_1_130' title='bbox 828 2072 914 2111; x_wconf 81' lang='lat' dir='ltr'>auam</span> <span class='ocrx_word' id='word_1_131' title='bbox 928 2047 1087 2130; x_wconf 77' lang='lat' dir='ltr'>‚quandam</span> <span class='ocrx_word' id='word_1_132' title='bbox 1107 2039 1288 2102; x_wconf 76' lang='lat' dir='ltr'>sententiam</span> <span class='ocrx_word' id='word_1_133' title='bbox 1303 2062 1365 2120; x_wconf 92' lang='lat' dir='ltr'>po·-</span> 
     </span>
     <span class='ocr_line' id='line_1_17' title="bbox 201 2149 1364 2246; baseline -0.028 -8"><span class='ocrx_word' id='word_1_134' title='bbox 201 2237 205 2246; x_wconf 88' lang='grc'>,</span> <span class='ocrx_word' id='word_1_135' title='bbox 297 2195 370 2235; x_wconf 89' lang='lat' dir='ltr'>nere</span> <span class='ocrx_word' id='word_1_136' title='bbox 388 2171 510 2230; x_wconf 83' lang='lat' dir='ltr'>ridetur</span> <span class='ocrx_word' id='word_1_137' title='bbox 524 2164 725 2226; x_wconf 84' lang='lat' dir='ltr'>Ruhnkeniuo</span> <span class='ocrx_word' id='word_1_138' title='bbox 746 2158 783 2218; x_wconf 89' lang='lat' dir='ltr'>ad</span> <span class='ocrx_word' id='word_1_139' title='bbox 803 2156 879 2215; x_wconf 79' lang='lat' dir='ltr'>Vell.</span> <span class='ocrx_word' id='word_1_140' title='bbox 897 2155 938 2215; x_wconf 88' lang='lat' dir='ltr'>ll.</span> <span class='ocrx_word' id='word_1_141' title='bbox 959 2153 1007 2214; x_wconf 83' lang='lat'>68.</span> <span class='ocrx_word' id='word_1_142' title='bbox 1036 2151 1253 2212; x_wconf 85' lang='lat' dir='ltr'>Nominaenim</span> <span class='ocrx_word' id='word_1_143' title='bbox 1265 2149 1364 2208; x_wconf 83' lang='lat' dir='ltr'>Caelii</span> 
     </span>
     <span class='ocr_line' id='line_1_18' title="bbox 296 2255 1366 2349; baseline -0.024 -9"><span class='ocrx_word' id='word_1_144' title='bbox 296 2293 326 2341; x_wconf 91' lang='lat' dir='ltr'>et</span> <span class='ocrx_word' id='word_1_145' title='bbox 356 2274 477 2338; x_wconf 84' lang='lat' dir='ltr'>Caecilii</span> <span class='ocrx_word' id='word_1_146' title='bbox 504 2288 591 2349; x_wconf 76' lang='lat' dir='ltr'>caepe</span> <span class='ocrx_word' id='word_1_147' title='bbox 620 2265 760 2325; x_wconf 74' lang='lat' dir='ltr'>inlibris</span> <span class='ocrx_word' id='word_1_148' title='bbox 782 2259 929 2322; x_wconf 84' lang='lat' dir='ltr'>confundi</span> <span class='ocrx_word' id='word_1_149' title='bbox 952 2267 1126 2318; x_wconf 72' lang='lat' dir='ltr'>ostensurus</span> <span class='ocrx_word' id='word_1_150' title='bbox 1147 2262 1266 2335; x_wconf 91' lang='lat' dir='ltr'>praeter</span> <span class='ocrx_word' id='word_1_151' title='bbox 1284 2255 1366 2314; x_wconf 79' lang='lat' dir='ltr'>alios</span> 
     </span>
     <span class='ocr_line' id='line_1_19' title="bbox 295 2359 1365 2444; baseline -0.021 -2"><span class='ocrx_word' id='word_1_152' title='bbox 295 2385 387 2444; x_wconf 89' lang='lat' dir='ltr'>etiam</span> <span class='ocrx_word' id='word_1_153' title='bbox 414 2377 505 2438; x_wconf 85' lang='lat' dir='ltr'>Plinii</span> <span class='ocrx_word' id='word_1_154' title='bbox 535 2374 609 2433; x_wconf 75' lang='lat' dir='ltr'>locis</span> <span class='ocrx_word' id='word_1_155' title='bbox 636 2369 757 2430; x_wconf 77' lang='lat' dir='ltr'>duobus</span> <span class='ocrx_word' id='word_1_156' title='bbox 785 2367 903 2441; x_wconf 89' lang='lat' dir='ltr'>utitur,</span> <span class='ocrx_word' id='word_1_157' title='bbox 934 2381 1065 2443; x_wconf 91' lang='lat' dir='ltr'>quorum</span> <span class='ocrx_word' id='word_1_158' title='bbox 1097 2361 1172 2420; x_wconf 88' lang='lat' dir='ltr'>alter</span> <span class='ocrx_word' id='word_1_159' title='bbox 1200 2361 1245 2417; x_wconf 84' lang='lat' dir='ltr'>aio</span> <span class='ocrx_word' id='word_1_160' title='bbox 1266 2359 1365 2438; x_wconf 82' lang='lat' dir='ltr'>vulgo</span> 
     </span>
     <span class='ocr_line' id='line_1_20' title="bbox 298 2465 1364 2565; baseline -0.024 -18"><span class='ocrx_word' id='word_1_161' title='bbox 298 2485 429 2565; x_wconf 83' lang='lat' dir='ltr'>aoriptua</span> <span class='ocrx_word' id='word_1_162' title='bbox 459 2487 574 2540; x_wconf 79' lang='lat' dir='ltr'>exalat:</span> <span class='ocrx_word' id='word_1_163' title='bbox 601 2477 653 2534; x_wconf 79' lang='lat' dir='ltr'>ltoc</span> <span class='ocrx_word' id='word_1_164' title='bbox 685 2467 865 2556; x_wconf 87' lang='lat' dir='ltr'>(aconitum)</span> <span class='ocrx_word' id='word_1_165' title='bbox 874 2469 945 2548; x_wconf 80' lang='lat' dir='ltr'>suit</span> <span class='ocrx_word' id='word_1_166' title='bbox 969 2485 1128 2537; x_wconf 77' lang='lat' dir='ltr'>cenenum,</span> <span class='ocrx_word' id='word_1_167' title='bbox 1146 2483 1203 2543; x_wconf 81' lang='lat' dir='ltr'>quo</span> <span class='ocrx_word' id='word_1_168' title='bbox 1223 2465 1364 2522; x_wconf 83' lang='lat' dir='ltr'>interem-</span> 
     </span>
     <span class='ocr_line' id='line_1_21' title="bbox 289 2569 1364 2673; baseline -0.023 -22"><span class='ocrx_word' id='word_1_169' title='bbox 289 2601 360 2673; x_wconf 80' lang='lat' dir='ltr'>ptor</span> <span class='ocrx_word' id='word_1_170' title='bbox 388 2609 406 2648; x_wconf 83' lang='lat' dir='ltr'>o</span> <span class='ocrx_word' id='word_1_171' title='bbox 436 2581 597 2664; x_wconf 79' lang='lat' dir='ltr'>Calpurnio</span> <span class='ocrx_word' id='word_1_172' title='bbox 623 2579 729 2638; x_wconf 79' lang='lat' dir='ltr'>Boetia</span> <span class='ocrx_word' id='word_1_173' title='bbox 753 2595 859 2636; x_wconf 68' lang='lat' dir='ltr'>errores</span> <span class='ocrx_word' id='word_1_174' title='bbox 878 2574 915 2632; x_wconf 82' lang='lat' dir='ltr'>M.</span> <span class='ocrx_word' id='word_1_175' title='bbox 937 2569 1086 2630; x_wconf 76' lang='lat' dir='ltr'>Caecilius</span> <span class='ocrx_word' id='word_1_176' title='bbox 1104 2578 1258 2628; x_wconf 76' lang='lat' dir='ltr'>accurator</span> <span class='ocrx_word' id='word_1_177' title='bbox 1276 2569 1364 2627; x_wconf 82' lang='lat' dir='ltr'>obie—</span> 
     </span>
     <span class='ocr_line' id='line_1_22' title="bbox 294 2671 1361 2778; baseline -0.022 -23"><span class='ocrx_word' id='word_1_178' title='bbox 294 2691 393 2778; x_wconf 75' lang='lat' dir='ltr'>ot&#39;t(4).</span> <span class='ocrx_word' id='word_1_179' title='bbox 437 2691 502 2753; x_wconf 89' lang='lat' dir='ltr'>Nou</span> <span class='ocrx_word' id='word_1_180' title='bbox 522 2689 634 2748; x_wconf 85' lang='lat' dir='ltr'>faceret</span> <span class='ocrx_word' id='word_1_181' title='bbox 646 2683 774 2758; x_wconf 56' lang='lat' dir='ltr'>‚creda</span> <span class='ocrx_word' id='word_1_182' title='bbox 792 2680 1013 2749; x_wconf 82' lang='lat' dir='ltr'>Ruhnkeuiua‚</span> <span class='ocrx_word' id='word_1_183' title='bbox 1030 2677 1088 2735; x_wconf 79' lang='lat' dir='ltr'>nini</span> <span class='ocrx_word' id='word_1_184' title='bbox 1107 2674 1144 2732; x_wconf 91' lang='lat' dir='ltr'>de</span> <span class='ocrx_word' id='word_1_185' title='bbox 1161 2673 1221 2732; x_wconf 90' lang='lat' dir='ltr'>hoe</span> <span class='ocrx_word' id='word_1_186' title='bbox 1238 2673 1272 2732; x_wconf 90' lang='lat' dir='ltr'>ll.</span> <span class='ocrx_word' id='word_1_187' title='bbox 1283 2671 1361 2733; x_wconf 87' lang='lat' dir='ltr'>Cae·</span> 
     </span>
     <span class='ocr_line' id='line_1_23' title="bbox 293 2777 1366 2876; baseline -0.024 -14"><span class='ocrx_word' id='word_1_188' title='bbox 293 2803 336 2862; x_wconf 89' lang='lat' dir='ltr'>lio</span> <span class='ocrx_word' id='word_1_189' title='bbox 356 2779 435 2860; x_wconf 72' lang='lat' dir='ltr'>Ruio&#39;</span> <span class='ocrx_word' id='word_1_190' title='bbox 453 2796 607 2876; x_wconf 74' lang='lat' dir='ltr'>cogitaret.</span> <span class='ocrx_word' id='word_1_191' title='bbox 649 2790 722 2850; x_wconf 89' lang='lat' dir='ltr'>Nam</span> <span class='ocrx_word' id='word_1_192' title='bbox 748 2792 774 2846; x_wconf 81' lang='lat' dir='ltr'>ai</span> <span class='ocrx_word' id='word_1_193' title='bbox 794 2787 872 2845; x_wconf 83' lang='lat' dir='ltr'>aliur</span> <span class='ocrx_word' id='word_1_194' title='bbox 893 2791 957 2860; x_wconf 80' lang='lat' dir='ltr'>eat,</span> <span class='ocrx_word' id='word_1_195' title='bbox 976 2779 1053 2861; x_wconf 85' lang='lat' dir='ltr'>quid</span> <span class='ocrx_word' id='word_1_196' title='bbox 1073 2777 1165 2838; x_wconf 86' lang='lat' dir='ltr'>refert</span> <span class='ocrx_word' id='word_1_197' title='bbox 1180 2779 1285 2854; x_wconf 77' lang='lat' dir='ltr'>ignoto</span> <span class='ocrx_word' id='word_1_198' title='bbox 1305 2797 1366 2837; x_wconf 89' lang='lat' dir='ltr'>no·</span> 
     </span>
     <span class='ocr_line' id='line_1_24' title="bbox 292 2873 1360 2979; baseline -0.023 -13"><span class='ocrx_word' id='word_1_199' title='bbox 292 2905 368 2966; x_wconf 89' lang='lat' dir='ltr'>mini</span> <span class='ocrx_word' id='word_1_200' title='bbox 390 2895 552 2979; x_wconf 76' lang='lat' dir='ltr'>subrogare</span> <span class='ocrx_word' id='word_1_201' title='bbox 572 2895 658 2957; x_wconf 89' lang='lat' dir='ltr'>aliud</span> <span class='ocrx_word' id='word_1_202' title='bbox 672 2893 830 2973; x_wconf 69' lang='lat' dir='ltr'>ignotius?</span> <span class='ocrx_word' id='word_1_203' title='bbox 857 2891 973 2950; x_wconf 77' lang='lat' dir='ltr'>Scimus</span> <span class='ocrx_word' id='word_1_204' title='bbox 992 2873 1144 2965; x_wconf 79' lang='lat' dir='ltr'>praeterea</span> <span class='ocrx_word' id='word_1_205' title='bbox 1154 2880 1360 2961; x_wconf 89' lang='lat' dir='ltr'>Calpurnium</span> 
     </span>
     <span class='ocr_line' id='line_1_25' title="bbox 296 2986 1366 3088; baseline -0.02 -21"><span class='ocrx_word' id='word_1_206' title='bbox 296 3005 448 3088; x_wconf 70' lang='lat' dir='ltr'>(luendam</span> <span class='ocrx_word' id='word_1_207' title='bbox 476 3001 606 3059; x_wconf 75' lang='lat' dir='ltr'>Bestiam</span> <span class='ocrx_word' id='word_1_208' title='bbox 633 3006 792 3076; x_wconf 88' lang='lat' dir='ltr'>praeturae</span> <span class='ocrx_word' id='word_1_209' title='bbox 819 2991 1017 3053; x_wconf 86' lang='lat' dir='ltr'>candidatum</span> <span class='ocrx_word' id='word_1_210' title='bbox 1048 2987 1096 3046; x_wconf 81' lang='lat' dir='ltr'>hit</span> <span class='ocrx_word' id='word_1_211' title='bbox 1114 2986 1299 3065; x_wconf 83' lang='lat' dir='ltr'>temporibus</span> <span class='ocrx_word' id='word_1_212' title='bbox 1323 2987 1366 3046; x_wconf 90' lang='lat' dir='ltr'>de</span> 
     </span>
     <span class='ocr_line' id='line_1_26' title="bbox 299 3091 1366 3171; baseline -0.014 -6"><span class='ocrx_word' id='word_1_213' title='bbox 299 3107 417 3165; x_wconf 87' lang='lat' dir='ltr'>ambitu</span> <span class='ocrx_word' id='word_1_214' title='bbox 452 3110 625 3158; x_wconf 77' lang='lat' dir='ltr'>accuratum</span> <span class='ocrx_word' id='word_1_215' title='bbox 644 3118 708 3156; x_wconf 77' lang='lat' dir='ltr'>erae</span> <span class='ocrx_word' id='word_1_216' title='bbox 728 3097 781 3156; x_wconf 87' lang='lat' dir='ltr'>Cn.</span> <span class='ocrx_word' id='word_1_217' title='bbox 800 3096 928 3154; x_wconf 85' lang='lat' dir='ltr'>Lentulo</span> <span class='ocrx_word' id='word_1_218' title='bbox 948 3095 980 3153; x_wconf 87' lang='lat' dir='ltr'>L.</span> <span class='ocrx_word' id='word_1_219' title='bbox 998 3093 1138 3171; x_wconf 89' lang='lat' dir='ltr'>Philippo</span> <span class='ocrx_word' id='word_1_220' title='bbox 1161 3091 1366 3165; x_wconf 75' lang='lat' dir='ltr'>consulibua,</span> 
     </span>
     <span class='ocr_line' id='line_1_27' title="bbox 299 3194 1367 3280; baseline -0.005 -19"><span class='ocrx_word' id='word_1_221' title='bbox 299 3226 325 3262; x_wconf 86' lang='lat' dir='ltr'>a.</span> <span class='ocrx_word' id='word_1_222' title='bbox 352 3203 412 3260; x_wconf 87' lang='grc'>698</span> <span class='ocrx_word' id='word_1_223' title='bbox 420 3199 474 3280; x_wconf 87' lang='grc'>(5)</span> <span class='ocrx_word' id='word_1_224' title='bbox 514 3199 626 3256; x_wconf 80' lang='lat' dir='ltr'>Verum</span> <span class='ocrx_word' id='word_1_225' title='bbox 645 3200 670 3255; x_wconf 84' lang='lat' dir='ltr'>ai</span> <span class='ocrx_word' id='word_1_226' title='bbox 691 3219 725 3256; x_wconf 90' lang='lat' dir='ltr'>ea</span> <span class='ocrx_word' id='word_1_227' title='bbox 742 3200 844 3275; x_wconf 81' lang='lat' dir='ltr'>magni</span> <span class='ocrx_word' id='word_1_228' title='bbox 864 3199 922 3256; x_wconf 85' lang='lat' dir='ltr'>viri</span> <span class='ocrx_word' id='word_1_229' title='bbox 939 3200 1087 3258; x_wconf 73' lang='lat' dir='ltr'>sententia</span> <span class='ocrx_word' id='word_1_230' title='bbox 1105 3197 1181 3268; x_wconf 84' lang='lat' dir='ltr'>fuit,</span> <span class='ocrx_word' id='word_1_231' title='bbox 1205 3194 1367 3256; x_wconf 82' lang='lat' dir='ltr'>refellitur</span> 
     </span>
     <span class='ocr_line' id='line_1_28' title="bbox 299 3299 1366 3384; baseline -0.001 -22"><span class='ocrx_word' id='word_1_232' title='bbox 299 3325 335 3362; x_wconf 89' lang='lat' dir='ltr'>ex</span> <span class='ocrx_word' id='word_1_233' title='bbox 356 3303 507 3360; x_wconf 85' lang='lat' dir='ltr'>Ciceronia</span> <span class='ocrx_word' id='word_1_234' title='bbox 528 3300 664 3360; x_wconf 87' lang='lat' dir='ltr'>Caeliana</span> <span class='ocrx_word' id='word_1_235' title='bbox 674 3299 737 3381; x_wconf 89' lang='grc'>(6),</span> <span class='ocrx_word' id='word_1_236' title='bbox 753 3323 814 3381; x_wconf 90' lang='lat' dir='ltr'>qua</span> <span class='ocrx_word' id='word_1_237' title='bbox 831 3303 906 3362; x_wconf 82' lang='lat' dir='ltr'>duaa</span> <span class='ocrx_word' id='word_1_238' title='bbox 925 3325 972 3364; x_wconf 81' lang='lat' dir='ltr'>rea</span> <span class='ocrx_word' id='word_1_239' title='bbox 990 3303 1112 3384; x_wconf 86' lang='lat' dir='ltr'>publica</span> <span class='ocrx_word' id='word_1_240' title='bbox 1124 3302 1335 3360; x_wconf 76' lang='lat' dir='ltr'>accurationes</span> <span class='ocrx_word' id='word_1_241' title='bbox 1347 3322 1366 3361; x_wconf 91' lang='lat' dir='ltr'>a</span> 
     </span>
     <span class='ocr_line' id='line_1_29' title="bbox 300 3404 1366 3484; baseline 0.004 -22"><span class='ocrx_word' id='word_1_242' title='bbox 300 3405 400 3463; x_wconf 89' lang='lat' dir='ltr'>Caelio</span> <span class='ocrx_word' id='word_1_243' title='bbox 418 3413 560 3482; x_wconf 86' lang='lat' dir='ltr'>tanquam</span> <span class='ocrx_word' id='word_1_244' title='bbox 582 3404 748 3462; x_wconf 79' lang='lat' dir='ltr'>voluntatis</span> <span class='ocrx_word' id='word_1_245' title='bbox 765 3408 891 3484; x_wconf 83' lang='lat' dir='ltr'>pignora</span> <span class='ocrx_word' id='word_1_246' title='bbox 908 3408 1020 3469; x_wconf 89' lang='lat' dir='ltr'>habere</span> <span class='ocrx_word' id='word_1_247' title='bbox 1037 3408 1161 3467; x_wconf 84' lang='lat' dir='ltr'>dicitur.</span> <span class='ocrx_word' id='word_1_248' title='bbox 1201 3405 1278 3465; x_wconf 88' lang='lat' dir='ltr'>Hine</span> <span class='ocrx_word' id='word_1_249' title='bbox 1299 3416 1366 3466; x_wconf 85' lang='lat' dir='ltr'>ter·</span> 
     </span>
     <span class='ocr_line' id='line_1_30' title="bbox 302 3506 1366 3592; baseline 0.002 -27"><span class='ocrx_word' id='word_1_250' title='bbox 302 3508 374 3566; x_wconf 86' lang='lat' dir='ltr'>tiam</span> <span class='ocrx_word' id='word_1_251' title='bbox 401 3507 484 3566; x_wconf 89' lang='lat' dir='ltr'>illam</span> <span class='ocrx_word' id='word_1_252' title='bbox 506 3506 597 3566; x_wconf 89' lang='lat' dir='ltr'>Caelii</span> <span class='ocrx_word' id='word_1_253' title='bbox 617 3511 764 3568; x_wconf 89' lang='lat' dir='ltr'>actionem</span> <span class='ocrx_word' id='word_1_254' title='bbox 784 3521 850 3590; x_wconf 80' lang='lat' dir='ltr'>poet</span> <span class='ocrx_word' id='word_1_255' title='bbox 871 3531 897 3571; x_wconf 89' lang='lat' dir='ltr'>a.</span> <span class='ocrx_word' id='word_1_256' title='bbox 914 3513 974 3573; x_wconf 87' lang='lat'>700</span> <span class='ocrx_word' id='word_1_257' title='bbox 993 3514 1066 3592; x_wconf 90' lang='lat' dir='ltr'>poni</span> <span class='ocrx_word' id='word_1_258' title='bbox 1086 3520 1211 3592; x_wconf 85' lang='lat' dir='ltr'>oportet.</span> <span class='ocrx_word' id='word_1_259' title='bbox 1252 3511 1366 3591; x_wconf 87' lang='lat' dir='ltr'>Neque</span> 
     </span>
     <span class='ocr_line' id='line_1_31' title="bbox 301 3611 1366 3699; baseline 0.005 -28"><span class='ocrx_word' id='word_1_260' title='bbox 301 3615 392 3671; x_wconf 91' lang='lat' dir='ltr'>etiam</span> <span class='ocrx_word' id='word_1_261' title='bbox 421 3613 459 3670; x_wconf 90' lang='lat' dir='ltr'>de</span> <span class='ocrx_word' id='word_1_262' title='bbox 480 3611 535 3691; x_wconf 80' lang='lat' dir='ltr'>tp.</span> <span class='ocrx_word' id='word_1_263' title='bbox 562 3613 692 3674; x_wconf 86' lang='lat' dir='ltr'>Pulchro</span> <span class='ocrx_word' id='word_1_264' title='bbox 720 3614 787 3694; x_wconf 80' lang='lat' dir='ltr'>lege</span> <span class='ocrx_word' id='word_1_265' title='bbox 804 3617 955 3678; x_wconf 88' lang='lat' dir='ltr'>Scantinia</span> <span class='ocrx_word' id='word_1_266' title='bbox 974 3618 1126 3699; x_wconf 71' lang='lat' dir='ltr'>postulato</span> <span class='ocrx_word' id='word_1_267' title='bbox 1145 3616 1366 3695; x_wconf 80' lang='lat' dir='ltr'>cogitandum,</span> 
     </span>
     <span class='ocr_line' id='line_1_32' title="bbox 300 3719 1363 3801; baseline 0.005 -26"><span class='ocrx_word' id='word_1_268' title='bbox 300 3735 391 3795; x_wconf 88' lang='lat' dir='ltr'>qoam</span> <span class='ocrx_word' id='word_1_269' title='bbox 410 3720 630 3778; x_wconf 77' lang='lat' dir='ltr'>accurationem</span> <span class='ocrx_word' id='word_1_270' title='bbox 648 3719 779 3778; x_wconf 90' lang='lat' dir='ltr'>terrendi</span> <span class='ocrx_word' id='word_1_271' title='bbox 799 3721 929 3780; x_wconf 83' lang='lat' dir='ltr'>hominia</span> <span class='ocrx_word' id='word_1_272' title='bbox 948 3742 1038 3782; x_wconf 81' lang='lat' dir='ltr'>cauea</span> <span class='ocrx_word' id='word_1_273' title='bbox 1047 3731 1216 3801; x_wconf 74' lang='lat' dir='ltr'>susceptam</span> <span class='ocrx_word' id='word_1_274' title='bbox 1225 3721 1363 3795; x_wconf 89' lang='lat' dir='ltr'>abiecit,</span> 
     </span>
    </p>
   </div>
   <div class='ocr_carea' id='block_1_3' title="bbox 241 3939 1371 4466">
    <p class='ocr_par' dir='ltr' id='par_1_3' title="bbox 290 3939 1371 4370">
     <span class='ocr_line' id='line_1_33' title="bbox 348 3939 1370 4013; baseline 0.008 -22"><span class='ocrx_word' id='word_1_275' title='bbox 348 3940 386 4008; x_wconf 87' lang='grc'>(1)</span> <span class='ocrx_word' id='word_1_276' title='bbox 422 3939 530 4008; x_wconf 78' lang='lat' dir='ltr'>Quintil.</span> <span class='ocrx_word' id='word_1_277' title='bbox 546 3940 590 3992; x_wconf 77' lang='lat' dir='ltr'>xl.</span> <span class='ocrx_word' id='word_1_278' title='bbox 605 3942 640 4005; x_wconf 88' lang='lat'>1,</span> <span class='ocrx_word' id='word_1_279' title='bbox 662 3943 703 3992; x_wconf 89' lang='grc'>51.</span> <span class='ocrx_word' id='word_1_280' title='bbox 721 3943 790 3994; x_wconf 87' lang='lat' dir='ltr'>Vlll.</span> <span class='ocrx_word' id='word_1_281' title='bbox 805 3944 839 4007; x_wconf 86' lang='grc'>6,</span> <span class='ocrx_word' id='word_1_282' title='bbox 861 3945 903 3995; x_wconf 88' lang='grc'>53.</span> <span class='ocrx_word' id='word_1_283' title='bbox 918 3963 944 3995; x_wconf 80' lang='lat' dir='ltr'>r.</span> <span class='ocrx_word' id='word_1_284' title='bbox 961 3944 1096 4013; x_wconf 83' lang='lat' dir='ltr'>Spalding.</span> <span class='ocrx_word' id='word_1_285' title='bbox 1113 3971 1146 3983; x_wconf 92' lang='lat'>-</span> <span class='ocrx_word' id='word_1_286' title='bbox 1166 3945 1205 4012; x_wconf 79' lang='lat'>(2)</span> <span class='ocrx_word' id='word_1_287' title='bbox 1225 3943 1370 3999; x_wconf 84' lang='lat' dir='ltr'>Drumann</span> 
     </span>
     <span class='ocr_line' id='line_1_34' title="bbox 293 4031 1369 4102; baseline 0.005 -18"><span class='ocrx_word' id='word_1_288' title='bbox 293 4031 358 4084; x_wconf 83' lang='lat' dir='ltr'>llirt.</span> <span class='ocrx_word' id='word_1_289' title='bbox 381 4033 454 4086; x_wconf 82' lang='lat' dir='ltr'>llam·</span> <span class='ocrx_word' id='word_1_290' title='bbox 477 4031 511 4083; x_wconf 90' lang='lat' dir='ltr'>Il.</span> <span class='ocrx_word' id='word_1_291' title='bbox 527 4031 585 4082; x_wconf 80' lang='lat'><strong>413.</strong></span> <span class='ocrx_word' id='word_1_292' title='bbox 602 4059 637 4071; x_wconf 85' lang='lat'>-</span> <span class='ocrx_word' id='word_1_293' title='bbox 655 4031 694 4098; x_wconf 96' lang='grc'>(3)</span> <span class='ocrx_word' id='word_1_294' title='bbox 715 4033 791 4100; x_wconf 78' lang='lat' dir='ltr'>Apud</span> <span class='ocrx_word' id='word_1_295' title='bbox 811 4033 919 4102; x_wconf 80' lang='lat' dir='ltr'>Quintil.</span> <span class='ocrx_word' id='word_1_296' title='bbox 935 4033 980 4084; x_wconf 76' lang='lat' dir='ltr'>Vl.</span> <span class='ocrx_word' id='word_1_297' title='bbox 995 4033 1030 4094; x_wconf 84' lang='lat'>3,</span> <span class='ocrx_word' id='word_1_298' title='bbox 1049 4033 1090 4084; x_wconf 88' lang='grc'>39.</span> <span class='ocrx_word' id='word_1_299' title='bbox 1103 4035 1136 4084; x_wconf 87' lang='lat' dir='ltr'>cf.</span> <span class='ocrx_word' id='word_1_300' title='bbox 1149 4035 1190 4084; x_wconf 84' lang='lat' dir='ltr'>tt.</span> <span class='ocrx_word' id='word_1_301' title='bbox 1224 4034 1280 4086; x_wconf 88' lang='lat' dir='ltr'>Nec</span> <span class='ocrx_word' id='word_1_302' title='bbox 1300 4055 1369 4090; x_wconf 85' lang='lat' dir='ltr'>saue</span> 
     </span>
     <span class='ocr_line' id='line_1_35' title="bbox 296 4121 1371 4192; baseline 0.002 -18"><span class='ocrx_word' id='word_1_303' title='bbox 296 4139 449 4192; x_wconf 80' lang='lat' dir='ltr'>magnopere</span> <span class='ocrx_word' id='word_1_304' title='bbox 466 4121 641 4173; x_wconf 86' lang='lat' dir='ltr'>contenderim</span> <span class='ocrx_word' id='word_1_305' title='bbox 657 4141 717 4174; x_wconf 88' lang='lat' dir='ltr'>cum</span> <span class='ocrx_word' id='word_1_306' title='bbox 733 4123 886 4192; x_wconf 77' lang='lat' dir='ltr'>Spaldingio</span> <span class='ocrx_word' id='word_1_307' title='bbox 896 4133 983 4174; x_wconf 88' lang='lat' dir='ltr'>utrum</span> <span class='ocrx_word' id='word_1_308' title='bbox 1000 4121 1038 4173; x_wconf 89' lang='lat' dir='ltr'>D.</span> <span class='ocrx_word' id='word_1_309' title='bbox 1054 4140 1087 4173; x_wconf 86' lang='lat' dir='ltr'>an</span> <span class='ocrx_word' id='word_1_310' title='bbox 1102 4123 1135 4174; x_wconf 83' lang='lat' dir='ltr'>L·</span> <span class='ocrx_word' id='word_1_311' title='bbox 1148 4123 1256 4173; x_wconf 73' lang='lat' dir='ltr'>Laelius</span> <span class='ocrx_word' id='word_1_312' title='bbox 1265 4127 1371 4176; x_wconf 88' lang='lat' dir='ltr'>rectius</span> 
     </span>
     <span class='ocr_line' id='line_1_36' title="bbox 292 4211 1371 4280; baseline -0.001 -15"><span class='ocrx_word' id='word_1_313' title='bbox 292 4213 428 4276; x_wconf 84' lang='lat' dir='ltr'>scribatur,</span> <span class='ocrx_word' id='word_1_314' title='bbox 455 4211 518 4261; x_wconf 91' lang='lat' dir='ltr'>dum</span> <span class='ocrx_word' id='word_1_315' title='bbox 542 4219 666 4264; x_wconf 82' lang='lat' dir='ltr'>constaret</span> <span class='ocrx_word' id='word_1_316' title='bbox 683 4231 713 4264; x_wconf 91' lang='lat' dir='ltr'>eo</span> <span class='ocrx_word' id='word_1_317' title='bbox 731 4216 835 4264; x_wconf 85' lang='lat' dir='ltr'>nomine</span> <span class='ocrx_word' id='word_1_318' title='bbox 850 4213 983 4264; x_wconf 88' lang='lat' dir='ltr'>hominem</span> <span class='ocrx_word' id='word_1_319' title='bbox 1001 4213 1033 4262; x_wconf 92' lang='lat' dir='ltr'>ab</span> <span class='ocrx_word' id='word_1_320' title='bbox 1052 4212 1105 4264; x_wconf 90' lang='lat' dir='ltr'>ullo</span> <span class='ocrx_word' id='word_1_321' title='bbox 1121 4211 1271 4280; x_wconf 89' lang='lat' dir='ltr'>aequalium</span> <span class='ocrx_word' id='word_1_322' title='bbox 1285 4229 1371 4264; x_wconf 87' lang='lat' dir='ltr'>reum</span> 
     </span>
     <span class='ocr_line' id='line_1_37' title="bbox 290 4300 1367 4370; baseline 0 -15"><span class='ocrx_word' id='word_1_323' title='bbox 290 4317 382 4358; x_wconf 80' lang='lat' dir='ltr'>uotum.</span> <span class='ocrx_word' id='word_1_324' title='bbox 400 4333 432 4344; x_wconf 90' lang='lat'><em>-</em></span> <span class='ocrx_word' id='word_1_325' title='bbox 452 4303 492 4370; x_wconf 78' lang='grc'>(4)</span> <span class='ocrx_word' id='word_1_326' title='bbox 512 4301 578 4353; x_wconf 83' lang='grc' dir='ltr'><strong>ΡΙίιι.</strong></span> <span class='ocrx_word' id='word_1_327' title='bbox 593 4302 627 4352; x_wconf 86' lang='lat' dir='ltr'>ll.</span> <span class='ocrx_word' id='word_1_328' title='bbox 645 4303 677 4354; x_wconf 87' lang='lat' dir='ltr'>N.</span> <span class='ocrx_word' id='word_1_329' title='bbox 696 4302 753 4354; x_wconf 80' lang='lat' dir='ltr'>Vll.</span> <span class='ocrx_word' id='word_1_330' title='bbox 770 4305 812 4356; x_wconf 80' lang='lat' dir='ltr'>ta.</span> <span class='ocrx_word' id='word_1_331' title='bbox 829 4302 933 4355; x_wconf 78' lang='lat' dir='ltr'>xxvtt.</span> <span class='ocrx_word' id='word_1_332' title='bbox 952 4305 975 4353; x_wconf 79' lang='lat'>2.</span> <span class='ocrx_word' id='word_1_333' title='bbox 994 4333 1028 4345; x_wconf 92' lang='lat'>-</span> <span class='ocrx_word' id='word_1_334' title='bbox 1047 4303 1085 4370; x_wconf 90' lang='grc'>(5)</span> <span class='ocrx_word' id='word_1_335' title='bbox 1103 4302 1157 4354; x_wconf 86' lang='lat' dir='ltr'>Cic.</span> <span class='ocrx_word' id='word_1_336' title='bbox 1174 4300 1205 4370; x_wconf 74' lang='lat' dir='ltr'>Q.</span> <span class='ocrx_word' id='word_1_337' title='bbox 1224 4301 1268 4354; x_wconf 80' lang='lat' dir='ltr'>Fr.</span> <span class='ocrx_word' id='word_1_338' title='bbox 1281 4302 1320 4357; x_wconf 87' lang='grc' dir='ltr'>Π.</span> <span class='ocrx_word' id='word_1_339' title='bbox 1337 4305 1367 4355; x_wconf 90' lang='grc'>3.</span> 
     </span>
    </p>

    <p class='ocr_par' dir='ltr' id='par_1_4' title="bbox 241 4395 482 4466">
     <span class='ocr_line' id='line_1_38' title="bbox 241 4395 482 4466; baseline -0.008 -19"><span class='ocrx_word' id='word_1_340' title='bbox 241 4449 246 4458; x_wconf 68' lang='grc'>,</span> <span class='ocrx_word' id='word_1_341' title='bbox 289 4427 321 4440; x_wconf 38' lang='lat' dir='ltr'>a</span> <span class='ocrx_word' id='word_1_342' title='bbox 341 4399 380 4466; x_wconf 84' lang='grc'>(6)</span> <span class='ocrx_word' id='word_1_343' title='bbox 400 4417 421 4448; x_wconf 84' lang='lat' dir='ltr'>o.</span> <span class='ocrx_word' id='word_1_344' title='bbox 441 4395 482 4445; x_wconf 81' lang='lat'>32.</span> 
     </span>
    </p>
   </div>
   <div class='ocr_carea' id='block_1_4' title="bbox 0 0 1495 5186">
    <p class='ocr_par' dir='ltr' id='par_1_5' title="bbox 0 0 1495 5186">
     <span class='ocr_line' id='line_1_39' title="bbox 0 0 1495 5186; baseline 0 0"><span class='ocrx_word' id='word_1_345' title='bbox 0 0 1495 5186; x_wconf 95' lang='lat' dir='ltr'> </span> 
     </span>
    </p>
   </div>
  </div>
 </body>
</html>
