3034 5166
429 611 705 696 urrsrouu
755 639 909 698 xxvi.

524 735 569 804 (ad
586 735 659 790 Fam.
680 735 748 790 vili.
766 736 821 804 1⁷.)

522 921 817 992 Argumentum.

175 1110 257 1234 Quo
296 1145 433 1217 tempore
460 1137 620 1217 Pompeius
654 1139 694 1198 ad
730 1137 954 1218 Dyrrhachium
989 1136 1023 1194 in
1055 1133 1146 1214 Epiro
1175 1141 1206 1194 et
1245 1205 1251 1212 .

128 1243 238 1304 Caesar
267 1242 306 1302 ad
331 1241 448 1301 flumen
475 1240 590 1320 Apsum
621 1251 722 1302 eastra
745 1243 916 1314 habebant,
943 1240 1062 1300 Caelius
1092 1237 1205 1299 Romae

124 1355 248 1427 praetor
282 1345 320 1430 (a.
356 1347 390 1405 U.
431 1343 534 1426 706.),
569 1367 672 1406 rerum
711 1367 861 1406 novarum
892 1345 1023 1424 cupidus
1051 1343 1102 1402 vel
1130 1343 1204 1422 quia

123 1453 258 1532 praetori
280 1451 429 1510 Trebonio
456 1449 630 1509 mandatam
658 1450 808 1510 urbanam
829 1449 1074 1509 iurisdictionem
1096 1447 1203 1524 inique

124 1557 241 1630 ferret,
268 1555 318 1615 vol
348 1553 432 1634 quod
458 1555 543 1632 gravi
569 1573 637 1614 aere
654 1555 754 1614 alieno
772 1563 978 1634 premeretur,
995 1569 1120 1628 magnas
1139 1560 1201 1608 tur·

123 1661 178 1722 liar
206 1660 379 1720 commovit.
421 1657 463 1716 Ile
492 1658 606 1736 quibus
636 1658 728 1718 relius
758 1658 903 1718 Servilius
927 1656 1035 1717 consul
1063 1653 1102 1714 ad
1117 1669 1202 1712 sena·

123 1773 192 1824 tum
214 1763 337 1838 retulit,
363 1770 547 1840 senatusque
567 1762 703 1822 Caelium
723 1763 761 1822 ab
781 1781 815 1821 re
831 1763 958 1841 publica
977 1755 1199 1818 removendum

123 1869 264 1943 censuit,
304 1875 340 1926 ut
380 1865 486 1925 scribit
525 1865 632 1925 Caesar
661 1867 700 1925 de
727 1867 760 1924 B.
788 1865 819 1924 C.
841 1865 895 1923 lll.
925 1863 963 1923 19
988 1883 1073 1942 seqq.
1115 1861 1198 1933 Quae

121 1971 198 2032 dum
231 1972 264 2030 iu
293 1971 371 2030 Urbe
405 1971 580 2048 agitantur,
609 1971 730 2048 scripsit
757 1969 875 2028 Caelius
905 1969 985 2027 hauc
1011 1962 1196 2043 Epistulam,

120 2077 237 2136 doloris
267 2084 297 2135 et
328 2074 506 2134 iracundiae
533 2073 674 2152 plenam:
713 2075 747 2132 iu
772 2093 835 2152 qua
861 2091 894 2131 se
925 2069 1064 2130 Curionis
1093 2083 1196 2124 amore

118 2187 151 2240 et
168 2180 259 2258 Appii
279 2177 350 2237 odio
367 2178 406 2237 ab
427 2180 543 2257 optima
561 2185 663 2250 mente
683 2176 863 2250 descivisse,
884 2175 1078 2254 Caesarisque
1092 2177 1194 2252 partes

117 2285 239 2364 potius,
264 2303 357 2364 quam
376 2282 530 2362 Pompeii,
561 2289 699 2342 secutum
729 2301 792 2342 esse
822 2281 1048 2361 conqueriturz.
1066 2276 1194 2355 eiusque

117 2390 298 2450 mutationis
326 2387 449 2467 culpam
477 2389 510 2446 in
533 2386 688 2446 fortunam
714 2407 838 2466 quoque
865 2385 1001 2457 confert,
1026 2399 1106 2460 quae
1125 2375 1193 2436 effe·

116 2495 214 2565 ecrit,
242 2500 278 2553 ut
302 2494 335 2551 iu
358 2493 502 2571 llispania
533 2500 627 2564 esset,
652 2512 714 2572 quo
742 2501 877 2569 tempore
899 2490 1003 2550 Cicero
1035 2485 1074 2544 ad
1100 2483 1191 2543 Pom-

113 2599 221 2678 peium
245 2599 279 2654 in
309 2595 466 2656 Graeciam
490 2596 646 2676 profectus
673 2605 726 2655 est.
768 2595 887 2654 Leviter
912 2597 1005 2654 etiam
1025 2593 1127 2669 ipsum
1145 2585 1191 2645 ci-

115 2720 259 2762 ceronem
284 2711 424 2774 accusat,
456 2701 540 2780 quod
558 2701 648 2760 amici
664 2701 800 2760 officium
818 2701 1004 2778 neglexerit,
1020 2711 1196 2778 passusque

114 2807 155 2864 sit
184 2824 256 2864 eum
280 2787 362 2866 ⁸cum
394 2805 518 2866 Caesare
545 2807 692 2882 coniungi
723 2803 812 2886 5.1.
864 2803 978 2863 Deinde
1006 2801 1039 2860 id
1070 2819 1102 2858 se
1126 2799 1188 2856 iam

113 2909 250 2969 effecisse
275 2910 383 2969 scribit
422 2919 457 2968 ut
485 2909 635 2989 populus,
664 2911 719 2988 qui
745 2909 861 2968 Caesari
890 2907 1005 2966 faverat
1012 2949 1021 2979 ,
1048 2904 1185 2964 studeret

113 3014 322 3092 Pompeianis,
343 3015 458 3092 quibus
483 3025 513 3073 et
544 3034 631 3094 opem
658 3033 745 3073 suam
771 3022 801 3073 et
829 3013 989 3072 victoriam
1013 3012 1184 3091 promittit,

110 3138 175 3179 non
205 3137 259 3198 spe
288 3121 436 3198 praemii,
463 3119 518 3179 ssd
542 3119 656 3178 doloris
678 3127 770 3199 atque
792 3117 986 3196 indignitatis
1003 3135 1094 3176 causa
1109 3115 1139 3198 5.
1154 3117 1184 3178 2.

151 3293 270 3371 Scripta
295 3302 458 3372 antequam
479 3291 725 3372 Dyrrhachinum
743 3291 894 3370 proelium
916 3297 969 3347 aut
985 3291 1184 3349 commissum
1259 3288 1269 3303 ‘

110 3404 165 3456 aut
193 3395 321 3456 Romam
343 3399 520 3456 nuntiatum
547 3405 644 3474 esset;
669 3394 752 3475 quod
770 3393 888 3453 Caclius
906 3392 1043 3452 indicare
1060 3392 1183 3452 videtur

108 3501 247 3561 scribens
262 3500 292 3583 5.
310 3501 339 3563 2.
356 3503 432 3582 quid
444 3505 515 3562 irtio
526 3500 661 3582 facitis?
673 3499 823 3579 proelium
839 3499 1023 3577 easpectotis.
1065 3498 1178 3560 Eodem

107 3605 173 3682 fere
198 3613 335 3686 tempore
342 3652 351 3682 ,
380 3627 441 3688 quo
465 3606 621 3666 Dolabella
636 3607 759 3684 scripsit
779 3603 817 3663 ad
837 3603 1013 3662 Ciceronem
1030 3601 1082 3686 (ad
1099 3605 1193 3671 Fam:

107 3710 157 3770 lx.
176 3709 206 3771 9.
227 3710 269 3794 2.)
294 3711 521 3771 Animadvertis
550 3707 602 3769 Co.
632 3708 810 3788 Pompeium
835 3726 889 3766 aec
908 3708 1041 3766 comicis
1057 3710 1109 3768 sui
1125 3733 1179 3772 aec

107 3835 208 3875 rerum
227 3826 379 3898 gestorum
393 3815 494 3898 glorio
513 3835 606 3894 aeque
626 3815 717 3871 etiam
736 3832 840 3893 regum
859 3831 895 3870 oc
908 3799 1066 3872 notionem
1084 3815 1181 3876 eliesc-

107 3919 192 3992 tslir,
210 3941 287 4000 quos
301 3931 445 3980 ostantare
463 3921 564 3979 crebro
583 3918 694 3978 solebat
703 3963 712 3993 ‚
728 3938 789 3976 esse
807 3926 923 3987 tutum
943 3924 971 3973 ct
990 3915 1045 3974 hoo
1066 3921 1178 3998 ctiam,

105 4024 187 4102 qood
202 4025 309 4104 infimo
327 4028 434 4104 orsique
451 4025 594 4106 contigit,
616 4023 667 4080 illi
685 4041 745 4080 noo
757 4041 844 4100 posse
863 4021 1051 4100 contingere,
1070 4033 1104 4080 ct
1122 4024 1177 4082 lio-

105 4137 186 4186 nsste
206 4129 335 4210 aufugere
349 4131 467 4210 possit,
491 4127 581 4209 pulso
601 4126 715 4202 Italia,
747 4126 868 4183 omissis
890 4123 1068 4206 Hispaniis,
1089 4139 1175 4208 copto

103 4233 238 4292 exercitu
263 4243 417 4313 veterano,
443 4229 667 4293 circumvallato
687 4250 767 4289 nunc
785 4229 919 4310 donique.
940 4241 944 4249 “
