2978 5186
650 417 875 490 195'„

192 631 321 708 ipsum
348 625 675 704 reprehenderem.
693 672 695 678 .
716 625 835 684 Acriter
865 645 915 683 me
941 629 1028 684 torsit
1048 628 1098 686 bic
1118 628 1212 689 locus.
1303 617 1305 627 .

145 734 325 806 Turbabant
354 732 436 790 enim
467 741 581 788 veteres
611 729 731 788 codices
759 741 788 788 et
816 729 973 789 Manutius.
1000 731 1212 793 Arirstelodam.

148 841 250 920 ipsum
275 835 488 917 reprehendere.
530 835 612 895 Unus
639 834 780 906 llanutii,
801 843 833 892 ut
865 834 901 892 ab
923 855 956 892 eo
978 835 1147 933 deprecarer
1162 840 1215 895 in-

145 945 273 1002 iuriam.
327 939 499 1018 Cogitabam
529 957 584 1017 pro
612 939 709 1016 ipsum
736 939 989 1017 reprehenderem,
1017 941 1212 1002 scribendum

147 1067 214 1109 esse
239 1050 338 1127 ipsum
360 1043 552 1124 pranderem,
578 1043 635 1100 hoc
665 1051 728 1114 est,
760 1043 943 1114 obtestarer,
971 1065 1128 1124 precarer:
1160 1047 1214 1106 scd

147 1155 256 1214 hiabat
285 1153 391 1212 oratio.
433 1151 457 1210 1.
489 1150 536 1210 Fr.
562 1130 746 1224 Garnarius,
782 1141 853 1208 cum
885 1151 959 1209 olim
986 1162 1138 1230 superstes
1166 1171 1214 1212 me

146 1261 289 1332 risisset,
320 1257 396 1315 non'
410 1255 499 1314 modo
529 1254 675 1333 probabat
702 1255 782 1314 harre
815 1255 1076 1316 emendationem:
1102 1258 1214 1317 sedne

149 1364 241 1422 bians
269 1371 346 1420 essct
374 1361 529 1440 periodus,
547 1359 731 1435 testabatur,
751 1362 812 1420 iarn
832 1361 904 1420 olim
926 1380 958 1419 se
977 1363 1089 1422 vidisse
1107 1354 1225 1441 legen-⁸

148 1468 225 1527 dum
253 1447 336 1540 esseJ
356 1467 453 1544 ipsum
471 1473 504 1522 ut
516 1464 697 1544 prenderent.
1069 1467 1212 1534 Galerius.

188 1607 251 1619 --
270 1605 332 1628 —-.-
371 1571 432 1630 linc
459 1572 525 1628 sine
554 1569 649 1629 dubio
671 1573 814 1630 vitiosum
842 1581 895 1631 eat.
925 1571 1044 1631 Excidit
1078 1573 1212 1650 primum

150 1689 206 1737 ut:
242 1677 353 1736 deinde
387 1676 621 1755 reprehenderem
659 1679 796 1756 ineptum
829 1689 882 1736 est.
914 1677 993 1736 Bene
1022 1677 1047 1736 I.
1075 1675 1105 1736 Il.
1139 1678 1215 1737 Gro-

149 1785 279 1854 novius,
318 1781 416 1860 ipsum
453 1791 486 1840 nt
509 1781 700 1860 pranderem,
727 1783 874 1860 corrigit,
907 1783 1053 1861 probante
1078 1783 1214 1842 Graerio.

150 1887 301 1947 Prendere
329 1905 383 1965 pro
412 1905 568 1966 prensare,
601 1905 725 1964 rogare,
754 1897 789 1945 ut
819 1905 910 1965 snpra
931 1887 982 1966 Ep.
1012 1883 1058 1950 ll:
1088 1887 1131 1966 [h.
1160 1888 1212 1946 Ed.

147 1992 240 2052 xvll.
266 1989 296 2051 2.
344 1989 560 2050 Renuntiatum
577 1991 663 2049 nobis
682 2001 744 2049 erat
765 1991 891 2050 Hirrum
911 1993 1026 2050 diutius
1047 1992 1213 2051 dicturum:

141 2097 321 2178 prendimus
350 2097 439 2178 eum]
722 2119 725 2125 ·
1093 2097 1216 2157 Ennssrr.

190 2233 253 2250 -·-
271 2235 333 2247 --
373 2201 420 2260 Ita
446 2219 549 2259 omnes
580 2200 653 2259 libri
679 2203 798 2280 antiqui
818 2201 934 2278 legunt.
976 2201 1092 2261 Ernesti
1114 2211 1215 2262 tamen

149 2331 222 2372 eum
245 2291 371 2371 Graecia
399 2318 428 2368 et
456 2309 480 2368 Ι.
510 2309 556 2370 Fr.
577 2283 726 2368 Gronovio
757 2311 942 2368 emendarit:
960 2311 1058 2389 ipsum
1077 2320 1111 2368 ut
1125 2322 1217 2388 pren·
1291 2383 1293 2388 ,

149 2417 256 2476 dorem.
289 2415 345 2474 Sed
365 2433 426 2472 non
449 2391 524 2492 opue
543 2433 606 2473 esse
623 2425 697 2492 puto
714 2415 771 2472 hac
792 2415 1018 2488 emendatione,
1038 2415 1064 2472 si
1082 2416 1218 2474 vocabu·

148 2523 217 2582 lum
253 2521 488 2600 reprehenderem
518 2521 754 2598 interpretamur
783 2537 948 2578 recocarent
973 2520 1010 2577 ab
1040 2518 1157 2578 iniuria
1188 2529 1216 2578 et

150 2627 342 2687 accusatione
366 2634 394 2682 et
417 2625 558 2704 precibus
588 2625 661 2682 meis
688 2627 860 2684 retinerem:
881 2633 943 2704 quo
962 2643 1051 2683 sensu
1072 2625 1130 2684 hoc
1151 2642 1216 2684 ver·

146 2733 225 2792 bum
253 2749 315 2789 non
342 2749 409 2791 raro
437 2731 580 2789 occurrit.
621 2727 758 2787 Insciens
788 2738 908 2786 tantum
933 2730 963 2787 h.
992 2729 1012 2788 l.
1034 2739 1078 2812 est
1100 2731 1215 2808 ellipsis

147 2836 294 2898 vocabuli
314 2844 367 2913 ut,
391 2853 483 2914 quam
506 2845 615 2893 tarnen
640 2833 757 2892 Coelius
785 2835 876 2892 etiam
895 2833 968 2892 alibi
987 2836 1019 2891 in
1036 2833 1130 2892 simili
1150 2852 1215 2894 ver·

145 2939 260 3002 borum
301 2941 515 3000 coniunctione
554 2940 614 2997 sibi
650 2939 788 3017 permisit
815 2939 866 3017 Ep.
894 2937 942 2997 Vl.
973 2933 1003 3019 5
1033 2937 1060 2998 6.
1092 2939 1135 3018 [h.
1161 2939 1214 2999 Ed.

145 3044 231 3108 lllll.
254 3043 299 3125 2.]
344 3043 538 3103 Unum'illud
563 3062 678 3102 monere
707 3053 734 3102 te
751 3063 926 3123 possum--
953 3053 1048 3102 tamen
1069 3044 1122 3104 hoe
1139 3055 1213 3103 tent-

140 3169 219 3232 pore
236 3150 316 3208 nteit
335 3150 369 3208 de
390 3160 441 3208 tna
458 3148 605 3208 voluntate
627 3149 761 3208 ostendes
773 3160 801 3206 et
817 3157 971 3229 respectes.
1073 3151 1212 3210 benemar.

191 3231 222 3336 5.
242 3255 272 3315 2.
315 3252 474 3334 aliquot
499 3257 692 3312 euticion
718 3254 870 3312 locutus
896 3273 983 3312 auru.
1026 3255 1153 3334 Usurpat
1182 3267 1213 3315 ct

67 3391 70 3397 ·
146 3357 253 3420 Cicero
278 3361 337 3420 hoc
359 3359 487 3420 verbum
516 3379 587 3419 cum
613 3357 705 3419 dandi
731 3379 803 3418 casu
830 3359 862 3418 Ι..
893 3357 941 3418 Vl.
970 3359 1008 3416 ad
1027 3359 1088 3418 Att.
1109 3359 1161 3440 Ep.
1185 3361 1211 3420 1.

147 3465 234 3526 Haeo
262 3485 324 3524 nan
353 3481 456 3524 noram
485 3449 565 3541 turn,
593 3485 660 3524 curn
680 3461 848 3523 Democrito
866 3475 916 3522 tuo
932 3464 1045 3523 loeutus
1061 3479 1134 3524 snm.
1176 3463 1212 3524 Et

144 3571 273 3632 Plautus
301 3573 334 3630 in
363 3569 438 3630 Men.
455 3569 488 3632 V.
510 3569 538 3630 9.
559 3563 589 3630 7.
632 3569 827 3641 Adolescens,
849 3587 954 3648 quaeso
980 3569 1211 3650 tercie-loquere

146 3689 233 3736 tuum
251 3675 328 3734 mihi
347 3695 470 3750 nauaen,
492 3664 531 3734 ni
544 3679 635 3757 piget.
1108 3677 1211 3739 neme.
1260 3738 1263 3744 ,

192 3801 235 3840 ne
275 3783 341 3838 oni
377 3783 650 3861 satisfaceret.
693 3782 838 3860 Corrupto
869 3783 920 3840 bic
955 3779 1039 3840 locus
1066 3783 1099 3840 in
1125 3783 1212 3842 libris

146 3888 286 3966 antiquis
314 3887 435 3964 legitur.
466 3887 515 3947 Ilr.
546 3885 570 3945 l.
601 3887 640 3946 II.
668 3887 700 3946 V.
730 3885 894 3946 scribunt:⁴
919 3904 954 3942 ne
983 3901 1040 3964 quo
1067 3889 1095 3944 is
1121 3891 1214 3947 satis-

135 3995 246 4074 facere
274 3993 401 4071 quiden.
441 3993 488 4052 Dr.
520 3992 576 4051 lll.
595 4011 665 4052 cum
683 3993 800 4052 Asel:
822 4009 931 4070 nequeo
947 3993 1120 4070 satisfacere
1142 3983 1213 4074 quiss

148 4099 224 4157 dem.
241 4098 342 4175 Torg.:
360 4117 470 4176 nequeo
491 4107 519 4155 et
536 4099 610 4156 satis
624 4098 729 4177 faeere
758 4097 883 4176 quidem.
926 4096 1057 4156 Verbum
1087 4101 1213 4180 sotisfn

147 4212 226 4260 aeret
243 4202 273 4261 h.
292 4202 314 4262 l.
329 4211 375 4261 est
395 4204 618 4279 neceesarium,
635 4213 680 4278 et,
704 4205 776 4282 quia
797 4201 849 4261 alii
871 4210 1033 4276 testantur,
1059 4207 1101 4264 ita
1118 4207 1151 4263 in
1171 4207 1212 4264 li-

145 4309 213 4368 bris
240 4309 303 4367 suis
329 4307 407 4386 legi,
437 4309 530 4367 huius
560 4308 645 4368 verbi
674 4317 793 4387 tempas
814 4327 875 4366 aon
895 4307 1077 4368 mutandum
1093 4329 1209 4371 censeo.

146 4411 206 4474 Sed
237 4411 316 4473 illud
352 4432 409 4492 quo
437 4415 465 4471 is
493 4415 612 4495 sarid„
640 4413 722 4494 quod
741 4415 926 4493 antiquiores
948 4413 1098 4486 afferunt,
1127 4415 1210 4477 haud
