3012 5182
650 379 694 439 29

270 593 462 681 for·renl¹.·
488 593 582 685 quod
605 597 660 662 ii²
684 618 754 662 nou
785 597 978 683 iulieeonl,
1017 602 1094 686 uli,
1120 603 1202 692 qui-

283 745 425 814 cunque
448 722 762 812 domiminum,
785 723 1201 815 adpopulumplabemoe

270 848 440 937 serrant.

184 975 210 1042 Ι.
236 974 294 1044 Ν.3

188 1157 224 1227 6.
273 1159 379 1228 Priol.
413 1159 500 1228 Kal.
543 1158 660 1230 Octoh.
697 1165 739 1231 in
762 1164 847 1231 aede
883 1161 1066 1255 Apollinis
1089 1170 1197 1238 scrib.

134 1289 329 1382 affuerunt
342 1285 383 1356 L.
398 1287 586 1358 Domitius
601 1288 668 1359 (ln.
682 1290 728 1358 F.
741 1290 833 1360 Fob.
847 1288 1136 1385 Ahenobarbus&
1153 1295 1196 1389 Q.

131 1413 307 1484 Metellus
322 1431 335 1466 ⁵
363 1415 406 1509 Q.
431 1416 469 1484 F
469 1470 476 1483 .
493 1416 584 1487 Fab.
599 1415 775 1488 Mololluo
785 1416 883 1487 Pius
894 1417 1038 1510 Soipio,
1064 1418 1106 1491 L.
1124 1420 1199 1491 Vil-

132 1547 209 1612 liuo
234 1541 275 1611 L.
302 1543 348 1612 F.
371 1542 470 1612 Pom.
503 1543 682 1634 Annalis,
711 1543 751 1614 G.
777 1544 976 1638 Septimius
992 1546 1034 1615 T.
1048 1548 1092 1617 F.
1109 1547 1196 1643 Qui-

132 1679 241 1762 rina,
269 1671 308 1742 C.
332 1673 548 1744 Scribonius
565 1673 604 1744 C.
619 1675 664 1744 F.
678 1674 767 1767 Pop.
783 1683 796 1722 ⁰
825 1672 957 1764 Curio,
970 1673 1012 1744 L.
1026 1671 1196 1747 Alleiue⁷

132 1799 174 1870 L.
198 1803 243 1871 F.
267 1800 337 1872 An.
366 1801 516 1894 Cupito,
554 1799 608 1871 M.
631 1800 802 1894 Eppius8
824 1799 879 1872 M.
906 1802 951 1871 F.
981 1801 1016 1872 T
1012 1810 1192 1874 orontium

187 1931 289 2024 Quod
309 1929 364 2002 M.
391 1929 594 2002 Marcellus
625 1929 726 2000 COS.
755 1928 795 1999 V.
820 1930 865 1998 F.
892 1931 935 1998 do
952 1935 1195 2021 prooinoiio⁹,

134 2058 183 2128 D.
198 2057 237 2127 E
240 2113 247 2127 .
260 2057 309 2128 R.
321 2058 356 2128 I.
375 2059 413 2129 C.
428 2072 593 2130 aanalum
616 2064 827 2129 existimare
850 2062 1027 2130 nemmem
1050 2083 1195 2152 eorum,

130 2190 197 2279 qui
221 2197 434 2278 potestatem
469 2187 602 2256 liabent
613 2200 640 2239 ¹⁰
673 2188 921 2258 intercedendi
952 2191 1194 2282 impediendi,

131 2341 264 2384 morum
289 2317 426 2410 afferro
450 2326 632 2408 aporiare,
656 2319 847 2407 quominus
868 2315 910 2382 ele
932 2315 981 2386 R.
1003 2317 1050 2388 P.
1073 2317 1119 2386 P.
1143 2317 1192 2389 R.

136 2442 179 2536 Q.
193 2456 219 2496 ¹¹
257 2444 306 2512 uel
340 2455 505 2514 uenatum
543 2445 682 2534 riffarri
718 2447 906 2534 senatique
919 2451 945 2490 ¹²
992 2449 1196 2516 ooneultum

118 2569 218 2662 fieri
229 2575 350 2662 poerit
362 2585 409 2640 ¹³:
437 2575 503 2664 qui
526 2573 733 2663 impedierit
750 2569 984 2663 prohibuerit
1005 2585 1045 2663 ¹⁴,
1063 2598 1145 2642 eum
1167 2582 1195 2624 ¹⁸

128 2709 293 2768 sanatum
317 2703 531 2768 euiolimaro
543 2711 570 2750 ¹⁸
603 2711 729 2769 contro
749 2724 825 2768 rem
839 2699 1028 2790 publiaom
1038 2703 1190 2794 saoieea.

174 2925 213 2992 (1)
231 2926 273 2978 Sia
287 2927 354 2980 Vici.
372 2930 397 2980 2.
414 2930 504 2981 Lamb.
520 2930 614 2983 Graev.
630 2929 900 2997 Bened.-plebemue
915 2931 1045 2994 referrent
1057 2945 1090 2979 ex
1104 2933 1192 2996 gemi-

131 3024 181 3064 nat.
211 3015 260 3066 Md.
278 3016 347 3069 Crat.
369 3017 437 3070 Vici.
460 3021 485 3070 1.
510 3019 573 3071 Ern.
596 3019 657 3071 sch.
695 3020 734 3087 (2)
754 3019 885 3071 Fortasse:
903 3016 974 3084 quod
990 3018 1055 3067 eiii.
1093 3019 1133 3086 (3)
1150 3019 1194 3074 Sic

129 3103 210 3173 Neap.
235 3107 324 3174 Antiq.
349 3109 367 3157 i.
393 3125 417 3159 e.
446 3109 615 3160 »intercessit
629 3107 747 3160 Nemo.''
772 3139 806 3147 -
829 3111 848 3160 i.
862 3126 890 3160 u.
909 3108 970 3178 (oie)
986 3107 1038 3158 nd.
1053 3132 1088 3150 -υ-
1103 3110 1137 3160 L.
1156 3110 1191 3162 V.

126 3194 193 3246 vict.
209 3197 233 3246 1.
249 3197 311 3248 um.
327 3196 468 3250 scm-1.
487 3198 598 3250 Uict.
615 3200 639 3250 2.
659 3198 751 3251 Graev.
766 3198 905 3250 Beued.-
917 3201 1030 3252 Senatus
1045 3205 1193 3254 auotoritas

125 3301 186 3334 oum
201 3301 275 3354 seqq.
293 3287 404 3354 iungens
421 3288 511 3339 Lamb.
549 3289 589 3357 (i)
608 3290 705 3340 Rursus
718 3289 817 3339 tribum
831 3289 898 3338 Fal.
910 3291 1030 3353 restitui,
1042 3291 1191 3358 prioreloao

125 3391 158 3424 ex
180 3385 276 3425 auctor.
290 3375 360 3439 lid„
377 3378 424 3444 qui
438 3388 571 3446 corrupte:
588 3405 624 3417 -·
638 3395 677 3429 en.
691 3378 751 3443 sab.
767 3376 956 3427 alienabamur
973 3377 1055 3447 (sio).
1093 3379 1133 3446 (5)
1144 3379 1188 3432 Sio

125 3462 177 3513 lid.
195 3462 263 3514 Vici.
288 3464 302 3515 1
321 3476 346 3516 et
368 3466 393 3518 2.
411 3486 446 3518 ω
467 3471 498 3532 Q.
515 3468 641 3519 Caecilius
658 3471 688 3530 Q.
706 3469 739 3518 F.
753 3467 873 3518 Metellus
890 3466 987 3518 Ceteri.
1006 3467 1046 3534 (6)
1062 3496 1097 3507 -·-
1111 3469 1188 3520 Pom.

125 3553 154 3603 h.
171 3553 190 3603 l.
207 3555 259 3606 Md.
276 3554 344 3607 vict.
370 3557 394 3606 1.
432 3557 471 3624 (7)
489 3559 639 3607 -Atilius
655 3557 682 3607 h.
699 3558 718 3607 l.
736 3557 787 3608 Md.
805 3556 872 3606 vict.
892 3556 915 3606 1.
954 3557 994 3626 (8)
1013 3557 1189 3610 siemund-

123 3643 233 3694 modum
258 3645 443 3714 probabiliter,
458 3646 505 3696 cfr.
522 3647 619 3714 Seript.
637 3647 706 3697 Bell.
725 3647 802 3696 Alex.
814 3663 838 3696 a.
852 3645 893 3696 89.
911 3637 997 3698 -MI
1011 3646 1186 3714 OppiurOeit.

126 3732 217 3784 Paullo
235 3744 293 3784 ante
309 3736 399 3786 Iulius
410 3752 498 3786 rursus
513 3754 560 3804 pro
579 3737 694 3799 Villius,
711 3736 763 3786 ild.
779 3734 848 3787 Crat.
864 3734 932 3787 Vici.
954 3738 968 3786 1
993 3747 1017 3788 et
1033 3737 1058 3788 2.
1094 3737 1135 3806 (9)
1145 3738 1188 3791 sie

122 3821 190 3873 Vici.
210 3824 235 3874 2.
253 3823 336 3892 Seqq.
350 3855 385 3864 -
402 3842 453 3876 eoo.
470 3831 501 3875 ut
514 3827 543 3876 de
554 3843 631 3894 prou.
641 3825 790 3876 lli—eos.
806 3825 836 3876 de
848 3841 925 3892 prov.
938 3825 1006 3877 viu.
1024 3828 1048 3877 1.
1086 3827 1143 3894 (10)
1153 3857 1187 3867 —

116 3913 229 3964 labeant
251 3915 313 3964 llrn.
337 3912 373 3983 Ε.
398 3915 461 3966 seh.
497 3916 553 3983 (11)
579 3915 622 3967 Sio
637 3917 727 3984 scripsi
745 3934 778 3964 ex
796 3916 905 3967 formula
921 3927 1017 3969 servato
1033 3917 1102 3986 apud
1118 3916 1187 3969 Var-

120 4021 213 4054 ronem
232 4005 279 4074 (L.
295 4007 330 4055 L.
347 4005 385 4070 6,
400 4005 425 4055 9.
442 4025 469 4074 p.
487 4005 545 4056 263.
559 4005 667 4073 Speng.)
685 4006 702 4054 i.
720 4021 743 4053 e.
760 4004 790 4053 de
806 4004 944 4070 republica
959 4007 1058 4073 Populi
1071 4007 1190 4059 Romani

125 4095 281 4154 Quiritium.
291 4095 363 4144 -de
378 4096 466 4161 repub.
489 4097 520 4158 Q.
536 4096 570 4145 P.
584 4093 635 4144 lid.
653 4093 723 4144 Crat.
739 4092 807 4144 Viot.
824 4095 837 4143 1
858 4105 884 4145 et
897 4095 921 4145 2.
937 4095 1029 4148 Graev.
1047 4098 1188 4148 Bened.—

121 4184 150 4233 de
165 4185 257 4252 repub.
275 4203 327 4236 om.
349 4189 379 4248 Q.
397 4187 431 4236 P.
450 4186 511 4237 lirn.
524 4185 586 4236 seh.
602 4214 636 4224 -
648 4185 678 4234 de
694 4201 746 4252 rep.
757 4186 960 4252 quamprimum
967 4186 1059 4238 Lamb.
1087 4189 1145 4256 (12)
1157 4205 1186 4232 =

119 4279 277 4342 senatuique
287 4275 355 4326 Crat.
364 4293 393 4320 =
404 4275 432 4326 S.
448 4279 478 4338 Q.
492 4276 519 4326 0.
538 4274 604 4326 vict.
614 4275 639 4324 2.
676 4274 733 4341 (13)
745 4291 856 4341 -posse
871 4275 922 4326 lid.
934 4275 1060 4343 (Fortasse
1070 4295 1075 4326 :
1086 4281 1184 4344 portel,

123 4373 150 4412 ut
165 4381 244 4432 saepe
261 4365 309 4415 hoo
326 4375 429 4432 tempus
445 4365 472 4413 in
487 4364 606 4415 formulis
619 4365 736 4432 legitur.)
765 4365 924 4432 (14)-om.
936 4365 1101 4432 prohibuerit
1115 4362 1183 4414 Crat.

122 4451 216 4504 Lamb.
238 4452 294 4524 (15)
306 4459 405 4506 ——ium
420 4455 471 4507 Md.
499 4456 554 4524 (16)
566 4458 752 4508 -euistimari
766 4457 816 4506 illd.
826 4457 1077 4506 -em'siimaturum
1093 4452 1185 4505 Lamb.
