2978 5186
790 379 853 439 168

295 597 378 656 euim
406 592 524 674 aliquid
552 591 654 651 omnia
678 587 742 648 fere
767 585 891 646 habent
943 583 1062 646 Estne?
1089 585 1212 663 inquit:
1243 583 1370 666 ποιιῙίιι

292 708 431 782 praesto,
458 696 536 778 quod
564 695 623 755 tilri
653 692 817 752 discedenti
844 690 1058 770 promiseram,
1080 689 1159 769 qaod
1178 700 1212 749 tn
1224 692 1298 772 jore
1307 689 1367 772 {roe-

300 805 411 887 gahae,
433 811 467 861 ιιι
493 801 592 859 erebro
619 799 731 860 litterar
760 796 928 855 mitterem?
1266 795 1369 856 Mune.

345 909 429 968 tibi
449 914 820 986 caepe-curaturum
848 900 933 988 tihi
955 899 1099 958 literae
1118 883 1243 960 mittd.
1285 899 1373 960 Alte·

299 1034 369 1074 rum
392 1011 450 1070 tihi
479 1011 597 1071 addunt
627 1010 760 1088 optimae
787 1003 939 1067 editioueo'
960 1023 997 1064 ex
1021 1004 1200 1064 melioribus
1218 1005 1325 1078 librie,
1339 1014 1370 1065 et

299 1119 412 1199 partim
441 1134 512 1175 cum
541 1124 715 1173 curaturam
735 1113 947 1190 coniungunt,
962 1118 996 1169 ιιι
1016 1111 1055 1168 eit
1064 1128 1122 1189 pro
1143 1120 1189 1185 te,
1210 1119 1245 1170 ut
1263 1129 1370 1191 caepe3

300 1223 413 1303 partim
434 1239 504 1280 cum
533 1219 635 1294 mitto,
666 1225 701 1277 ut
729 1216 864 1276 abundet
894 1215 1023 1275 alterum
1049 1214 1127 1292 tili,
1154 1217 1310 1295 quomodo
1338 1238 1371 1276 eo

301 1346 392 1407 supra
418 1325 450 1386 L.
477 1323 541 1382 v11.
569 1343 617 1404 ep.
643 1319 693 1382 26.
721 1341 753 1380 ιι.
781 1322 808 1381 5.
842 1317 917 1398 [Lea
948 1323 1134 1397 mortuaria,
1161 1341 1236 1400 qaae
1255 1321 1375 1380 oidrtar

302 1436 432 1503 λιτότητα
452 1427 599 1498 attulisse,
620 1447 655 1486 ea
673 1424 750 1484 milei
758 1423 871 1504 frondi
880 1424 972 1504 snit]
1248 1424 1372 1512 Corinna

342 1541 377 1591 ot
395 1533 515 1612 nain
536 1529 773 1589 dirornoior.
814 1527 954 1587 Plautina
973 1529 1122 1588 sententia
1142 1529 1174 1588 in
1192 1530 1278 1609 Gapt.
1298 1531 1322 1590 Ι.
1344 1530 1373 1591 2.

302 1637 354 1700 39.
400 1637 471 1695 ssim
502 1637 626 1716 deniqne
657 1634 788 1693 domimo
816 1641 920 1690 nostra
951 1632 1148 1714 intelligimur
1168 1634 1261 1711 borea,
1284 1633 1372 1708 Cam,

306 1763 381 1823 qnae
398 1743 434 1800 in
442 1750 586 1821 potestate
607 1740 782 1814 inanimae,
801 1759 836 1797 ea
852 1738 1018 1798 amicimus.
1272 1739 1373 1802 llum

344 1883 406 1896 --
424 1879 487 1892 —-
527 1846 605 1906 Haec
625 1843 801 1903 verbaeum
821 1861 882 1902 non
902 1844 1078 1903 contineant
1097 1845 1281 1904 sententiam
1307 1847 1375 1906 uui·

213 1931 216 1937 ⁴
303 1952 469 2022 cerealem,
491 1958 526 2009 ut
544 1949 641 2010 Plaut.
662 1947 744 2026 ant.
765 1946 789 2005 1.
810 1944 840 2006 2.
861 1944 901 2006 38
919 1965 964 2026 oq.
981 1966 1017 2006 ec
1037 1949 1133 2025 mugio
1141 1949 1235 2008 fidem
1245 1949 1373 2022 faciunt,

306 2057 390 2138 quod
419 2075 436 2114 a
460 2076 493 2115 re
519 2063 550 2114 et
573 2073 701 2134 perenna
728 2051 873 2112 videntur
890 2052 1036 2132 profecta.
1076 2052 1258 2132 Repugnant
1276 2064 1378 2115 tamen

308 2158 544 2242 quodammodo.
584 2158 740 2234 Quomodo
768 2158 850 2216 enim
878 2167 988 2216 eertum
1007 2159 1028 2216 i.
1047 2177 1072 2217 e.
1090 2159 1314 2232 conetitutum,
1340 2159 1378 2218 fi-

309 2285 404 2338 xum,
431 2265 595 2338 usitatum,
625 2263 768 2343 idemque
796 2262 1046 2322 iucundissimam
1066 2281 1130 2322 eece
1148 2272 1267 2342 potent,
1295 2263 1379 2342 quod
1481 2345 1482 2348 Ἴ

310 2369 496 2451 negligentia
515 2367 627 2426 multoe
648 2366 713 2426 dieo
729 2385 817 2445 caepe
837 2367 1015 2427 omittitur?
1252 2367 1380 2427 Wiener.

349 2472 379 2555 ς.
400 2471 430 2532 2.
473 2470 563 2531 Nam
580 2491 676 2546 mea,
702 2473 896 2552 eifioeet.
938 2472 1378 2533 Concieaetobecnrahrevi·
1482 2521 1483 2526 ,

311 2589 358 2640 tae
389 2578 482 2637 huiue
510 2577 571 2637 loci
602 2577 735 2636 multum
759 2578 945 2638 eelebremm
972 2578 1083 2650 hehet,
1106 2577 1193 2658 qnae'
1206 2578 1314 2638 ealtem
1342 2597 1380 2636 ex

311 2692 398 2765 parte
424 2682 525 2743 Coelio
552 2680 675 2742 videtur
699 2681 886 2761 imputanda.
1254 2682 1380 2742 Wnem.
1483 2729 1484 2734 ,

353 2806 479 2847 eornm
509 2786 618 2859 odiap
649 2805 748 2866 qaae
778 2785 943 2844 Hirrum
963 2797 1152 2866 premant.
1193 2786 1223 2846 Si
1253 2786 1381 2846 dixieeet

314 2912 349 2951 ea
373 2891 462 2964 odia,
492 2893 604 2950 usitate
632 2890 772 2950 dirimet:
803 2910 875 2950 cum
905 2911 988 2952 vero,
1006 2892 1118 2952 dixerit
1138 2911 1256 2966 eoram,
1280 2892 1381 2951 Latini

314 2997 461 3057 sermonis
481 2997 558 3054 ratio
587 2996 641 3074 qai
666 2995 800 3075 postulat
826 2997 926 3074 potius
946 3015 1038 3076 qnam
1058 3017 1142 3076 quae.
1183 2997 1304 3058 Sedent
1324 2997 1383 3058 hcc

313 3101 490 3161 Coelianum
518 3099 650 3164 dicendi¹
664 3119 779 3178 genno,
804 3099 837 3158 id
863 3108 907 3158 eet
935 3101 1025 3179 plane
1042 3099 1154 3160 durum
1175 3110 1379 3181 maspetum,

315 3213 455 3265 notatum
472 3205 584 3280 etiam,
600 3212 634 3262 ut
654 3205 716 3263 iam
733 3204 939 3279 ostendimuo‚
961 3226 979 3266 a
998 3208 1204 3281 Quinctiliano
1224 3217 1254 3266 et
1274 3207 1384 3267 Tacito.

313 3310 449 3372 Eandem
479 3309 649 3369 oolceoiemi
680 3313 811 3390 speeiem
837 3331 966 3390 agnosco
987 3314 1019 3372 in
1036 3313 1161 3392 epistola
1183 3314 1323 3391 nequenti
1341 3311 1384 3391 [h.

316 3415 370 3476 Ed.
397 3414 432 3474 V.
459 3412 502 3495 2.]
533 3433 604 3474 cunr
634 3414 731 3475 dixit:
752 3417 788 3474 in
808 3417 958 3475 evitandis
971 3417 1019 3476 hie
1037 3418 1192 3494 conciliis,
1220 3420 1274 3497 qai
1293 3439 1324 3476 ee
1340 3419 1387 3476 im·

318 3519 473 3578 tenderunt
488 3519 675 3577 adoereare'oe
693 3519 727 3576 in
754 3520 819 3576 eino
839 3520 1030 3580 tribunatum.
1062 3523 1126 3596 Qun
1147 3523 1179 3579 in
1196 3521 1265 3582 loco
1285 3531 1387 3601 pcotu·

316 3625 399 3684 labat
439 3644 512 3686 nouo
550 3625 675 3683 Latinae
705 3623 829 3701 linguae
862 3626 897 3683 io
928 3626 1077 3684 evitandis
1106 3644 1206 3684 eornm
1241 3625 1389 3686 conciliis.

302 3705 445 3802 lerum,
473 3731 528 3810 qni
559 3749 593 3804 ea
618 3729 743 3806 legerit,
776 3748 855 3808 qnae
885 3730 923 3790 de
956 3730 1050 3790 Coelii
1086 3731 1284 3810 eloquentia,
1319 3740 1389 3790 nuto

316 3834 412 3894 huiuo
427 3835 500 3894 libri
527 3834 825 3912 interpretationem,
845 3854 881 3894 cx
899 3837 1094 3914 antiquarum
1114 3837 1288 3895 testimonio
1307 3853 1391 3915 prae·

318 3941 374 4001 fati
395 3961 519 4015 eumne,
550 3947 722 4001 accuratam
752 3959 768 3998 a
799 3939 900 3998 Coelio
930 3939 1094 4000 dictionem
1128 3938 1218 3999 valde
1244 3959 1306 4000 non
1337 3960 1391 3999 ex·

321 4044 479 4124 spectabit.
1289 4046 1392 4106 Miner.

355 4147 386 4231 §.
408 4147 437 4208 4.
481 4147 714 4207 Coiuemodi
744 4146 1211 4228 aelim,puto,qoaerie.
1253 4150 1392 4210 Nureel·

315 4262 369 4314 ten
389 4253 468 4314 wird
483 4262 577 4332 pato,
599 4252 673 4313 oder
690 4263 724 4311 ut
742 4262 832 4332 puto,
856 4254 916 4311 wic
937 4273 1027 4314 uneer.
1044 4254 1151 4336 glouba
1179 4255 1247 4326 iet,
1273 4257 1330 4314 wie
1342 4255 1394 4314 ich

311 4359 439 4442 glande,
466 4360 500 4420 iu
528 4357 588 4420 den
616 4358 683 4421 Sata
714 4357 956 4438 eingeoehoben,
992 4360 1072 4421 ohne
1103 4361 1170 4422 daeo
1201 4359 1303 4424 diener
1332 4381 1392 4423 vnn
