2978 5186
774 349 840 408 200

284 583 323 622 an
353 581 414 622 non
437 562 496 622 hoo
517 560 598 620 idern
619 559 654 644 in
673 557 758 617 oivili
780 557 976 617 contentione
995 557 1080 634 paois
1096 566 1233 635 tempore
1248 558 1358 618 ualet?

286 668 322 728 Et
338 669 415 748 quid
436 668 558 728 tandem
579 666 697 726 homini
715 663 897 743 euplorutum
914 661 983 720 est?
1005 669 1097 740 quam
1114 663 1278 722 mutabiles
1297 663 1358 722 ho·

287 775 407 832 minam
429 772 617 832 voluntates!
649 789 742 848 quam
763 769 871 827 incerti
893 767 1045 826 bellorum
1066 769 1179 827 exitus!
1228 769 1358 830 Writers.

327 878 512 957 quamdiu
553 875 741 934 civiliter
773 875 857 930 siue
893 872 1014 930 armis
1046 883 1242 932 cernetur.
1283 873 1357 934 Ele-

288 983 497 1060 gantissimam
525 981 686 1040 lectionem
723 987 753 1038 et
780 977 920 1037 Coeliana
946 975 1117 1036 eruditione
1145 977 1359 1056 digniseimam

288 1089 368 1146 eruit
390 1088 635 1148 accuratissimus
662 1084 834 1158 Victorius,
862 1102 953 1163 quam
986 1102 1021 1142 eo
1048 1081 1195 1142 libentius
1228 1083 1358 1160 admisi,

286 1193 370 1272 quod
390 1212 456 1252 eam
476 1200 668 1270 propugnent
689 1199 829 1266 excerpta
849 1187 994 1247 Vaticani.
1036 1186 1084 1245 td
1104 1196 1228 1265 gustum
1249 1189 1355 1250 fatuae

286 1298 385 1378 plebis
409 1315 554 1356 excusum
575 1305 640 1355 erat
667 1303 800 1352 certetur.
843 1290 979 1371 [Cernere
1001 1293 1082 1352 enim
1103 1303 1166 1365 est,
1187 1293 1354 1373 dimicare,

249 1443 253 1447 -
287 1413 411 1462 oertare.
452 1400 560 1476 virgil·
578 1400 651 1459 Aen.
671 1399 736 1458 llll.
752 1397 822 1458 709.
866 1395 951 1456 Inter
972 1417 1002 1456 se
1023 1398 1129 1455 ooiieee
1144 1399 1226 1456 uiros
1242 1409 1270 1457 et
1291 1419 1358 1458 oer-

286 1527 354 1566 uere
373 1506 471 1585 serre.
513 1504 633 1564 Sallust.
651 1503 737 1562 Catil.
757 1502 830 1561 LIX.
875 1499 984 1560 Ceutru
1006 1503 1133 1561 latrones
1156 1504 1284 1562 inermes
1298 1525 1358 1585 pro

280 1612 385 1690 patrio
395 1653 405 1684 ,
419 1628 478 1688 pro
498 1608 615 1682 liberis,
629 1627 686 1686 pro
708 1609 771 1664 oris
790 1616 877 1686 atque
893 1607 980 1687 foot's
998 1608 1062 1666 suia
1078 1626 1203 1667 seruere.
1246 1607 1358 1670 Varro:

275 1711 391 1774 *Nonne
406 1712 489 1773 vides
508 1713 588 1793 opud
604 1711 740 1770 Euue’um
758 1732 818 1770 esse
839 1713 1002 1791 seriptum:
1018 1723 1062 1770 ter
1078 1713 1132 1772 auli
1150 1715 1359 1774 amisumlim

287 1820 381 1877 vitum
397 1838 532 1892 eernere,
552 1837 642 1897 quam
659 1817 747 1874 semel
758 1835 875 1895 perere.
916 1816 1034 1896 Gaetu]
1220 1819 1359 1882 Gaiano.

328 1956 390 1972 --
409 1958 472 1970 -
515 1921 588 1981 Siue
600 1925 692 1980 ortuis
713 1920 798 1980 haud
816 1920 912 1979 dubie
930 1929 975 1978 est
993 1919 1091 1998 glossa
1113 1921 1197 1981 verbi
1214 1925 1360 1988 ciuiliter.

292 2027 433 2087 Ceruetur
449 2037 493 2087 est
514 2049 530 2086 a
551 2028 702 2102 Victoria,
721 2024 777 2107 (sio
795 2035 825 2084 et
848 2022 919 2106 Ga.)
937 2043 992 2103 pro
1013 2034 1115 2086 vetere
1134 2037 1277 2088 certetur.-
1297 2050 1361 2109 qua

288 2132 417 2190 verbnm
436 2132 596 2208 cernendi,
615 2132 708 2191 bene:
738 2131 791 2190 sed
817 2151 877 2211 qna
897 2131 1047 2204 formam,
1066 2131 1182 2192 vitiose.
1226 2133 1360 2194 Dehebat

289 2237 371 2294 enim
404 2255 467 2296 esse
492 2247 638 2296 eeruutur.
690 2236 796 2313 ltaque
824 2246 950 2294 certetur
974 2237 1091 2296 servari
1103 2279 1112 2312 ,
1141 2237 1226 2316 qnod
1254 2259 1360 2300 omnes

290 2340 344 2400 alii
363 2341 435 2399 libri
453 2342 575 2400 hebent.
1246 2343 1359 2404 Eanrsr.

333 2444 380 2502 od
410 2446 632 2526 eligendam
655 2457 814 2525 partem.
855 2449 987 2507 Praestat
1007 2449 1159 2527 scriptura
1179 2450 1290 2508 veteris
1308 2469 1360 2510 oo·

290 2549 387 2621 diois,
407 2570 469 2629 quo
488 2550 653 2610 Lambinus
678 2571 749 2610 usus
773 2562 832 2627 est,
853 2563 888 2611 ut
910 2555 976 2612 eins
991 2553 1133 2612 editionis
1153 2556 1306 2631 margines
1316 2564 1360 2615 te·
1377 2549 1382 2555 ’

291 2664 427 2728 stantun,
457 2656 496 2713 ud
521 2655 672 2737 eligendas
693 2666 804 2735 partes.
853 2656 995 2716 Fortium
1024 2657 1085 2715 dur
1113 2657 1195 2734 apud
1225 2657 1360 2718 Florum.

280 2761 347 2820 -lies
369 2761 448 2818 trita.
1211 2762 1360 2824 Galerius.

328 2896 389 2910 -
410 2899 472 2910 -
512 2865 560 2922 Sic
590 2864 645 2923 its.
665 2865 723 2924 Gn.
748 2865 892 2924 Graevius
917 2885 933 2926 e
964 2865 1018 2925 its.
1039 2865 1179 2925 Lambini
1203 2866 1360 2948 eligendae

284 2976 395 3046 portes.
443 2965 541 3024 Etiam
563 2965 643 3024 infra
674 2967 726 3045 Ep.
753 2968 842 3029 XVII.
865 2966 908 3046 [h.
940 2967 992 3028 Ed.
1012 2969 1110 3030 XXVI.
1131 2969 1161 3052 5.
1185 2970 1227 3051 1.]
1239 2983 1361 3051 portem

290 3074 334 3132 sio
353 3071 432 3130 dixit
453 3069 580 3129 Coelius.
1247 3077 1362 3140 Ennesr.

332 3173 362 3254 §.
381 3173 409 3234 4.
439 3185 743 3253 persuasuruest
773 3177 1029 3254 ei—opera't.
1071 3178 1357 3258 Allegoriaobsou-

279 3279 354 3338 rior
364 3322 373 3354 ,
394 3296 493 3357 neque
511 3278 682 3360 probanda2
694 3281 753 3338 nisi
773 3279 851 3338 forte
862 3300 877 3338 a
889 3282 1159 3358 proverbio-dueta
1181 3295 1236 3344 eet.
1267 3286 1362 3347 Valde

288 3395 390 3441 tamen
418 3385 591 3462 vituperare
619 3403 680 3442 non
708 3385 822 3457 audeo,
845 3389 918 3464 quia
946 3388 1036 3446 etiam
1061 3388 1269 3466 probatissimi
1289 3394 1362 3452 sori·

287 3467 388 3566 ptores
414 3487 551 3548 Britanni
575 3488 751 3569 allegoricas
776 3490 909 3565 argutias
933 3490 1026 3550 huius
1047 3497 1165 3571 generis
1183 3512 1360 3558 oonseotan·

263 3628 266 3636 ·
289 3604 360 3662 tur,
382 3592 476 3670 idque
503 3595 534 3650 in
566 3592 700 3666 fabulis,
726 3594 860 3671 epistolia
881 3605 938 3653 eto.
954 3599 1111 3677 nostrique
1131 3601 1222 3660 valde
1247 3613 1278 3660 et
1295 3623 1362 3682 pro-

289 3695 364 3755 bant
385 3707 415 3754 et
432 3697 601 3756 imitantur.
1089 3751 1098 3780 a
1233 3707 1361 3786 Wnrsrr.

331 3801 361 3884 §.
384 3801 413 3863 6.
455 3803 514 3862 Aa
534 3823 723 3862 summam.
765 3804 806 3864 Iu
832 3827 958 3882 summa,
989 3820 1080 3888 prout
1107 3797 1225 3870 Plinius
1256 3811 1363 3892 [Epiet.

289 3907 313 3967 Ι.
339 3907 386 3968 12.
409 3907 457 3967 12.
478 3907 526 3966 vl.
548 3907 597 3966 21.
620 3906 649 3967 7.
670 3909 718 3970 IX.
740 3909 790 3968 21.
815 3911 856 3990 1.]
878 3911 1012 3990 proferre
1039 3914 1124 3974 solet.
1151 3915 1236 3974 Conf.
1257 3927 1363 3979 notata

289 4013 328 4072 ad
348 4013 379 4070 L.
397 4011 461 4070 l'll.
481 4010 533 4090 Ep.
556 4011 604 4072 23.
624 4033 653 4073 n.
675 4013 704 4072 3,
748 4013 888 4074 Fui-mula
905 4015 1084 4077 Petroniana
1101 4020 1159 4078 Sat.
1179 4039 1205 4080 o.
1225 4020 1276 4081 31.
1308 4023 1362 4082 At

288 4135 451 4190 summam,
479 4118 580 4176 statim
608 4120 710 4176 scietis
739 4121 790 4176 oui
820 4119 962 4178 dederitis
991 4123 1175 4201 heneficium.
1218 4126 1300 4186 Vide·
1316 4127 1363 4187 ibi

288 4219 510 4280 Burmannum.
1237 4230 1364 4292 Coarms.

326 4359 387 4371 -
406 4359 467 4371 -
509 4324 610 4388 atatim
635 4327 788 4390 adiectum
820 4332 892 4408 reip.
923 4343 955 4392 ut
985 4333 1102 4394 redeam
1110 4357 1125 4407 ,·
1143 4305 1194 4398 vel
1220 4335 1363 4398 dietum:

284 4439 317 4488 ut
338 4430 410 4490 illue
432 4439 569 4490 reuertar.
956 4434 958 4440 ’
1232 4441 1363 4502 Wusrr.
