3012 5182
611 415 650 474 l'l

106 627 191 720 qui,
227 627 254 693 si
277 625 506 718 perniciosum
542 624 643 694 sciret
667 643 737 693 esso
759 623 854 717 loqui
874 623 919 693 de
943 623 1007 692 hoo
1031 645 1089 712 re,
1115 626 1169 692 rix

102 765 218 824 tamen
241 775 277 824 se
301 753 504 823 contineret.

154 879 193 956 3.
240 881 430 976 Pompeius
459 879 585 950 dicitur
615 877 714 950 valde
746 903 810 974 pro
845 879 959 978 Appio
990 881 1169 973 laborare,

103 1021 145 1080 ut
181 1011 286 1080 etiam
317 1021 443 1106 putent
467 1009 616 1080 alterum·
635 1020 775 1080 utrum¹
801 1010 846 1082 de
868 1009 950 1081 filiis
969 1009 1015 1080 ad
1037 1023 1072 1081 te
1094 1013 1172 1080 mis

100 1159 238 1210 surum.
286 1139 351 1208 llic
384 1159 448 1208 nos
466 1161 582 1208 omnes
608 1138 835 1210 absolvimus:
857 1151 892 1210 et
914 1139 1070 1210 hercules
1091 1163 1169 1210 oon-

98 1278 252 1360 saeptae
281 1266 414 1355 omnia,
448 1265 546 1336 foeda
585 1277 619 1334 et
655 1265 831 1337 inhonesta
867 1278 958 1336 sunt.
1009 1265 1176 1337 Consules·

96 1405 215 1464 autem
265 1391 430 1463 habemus
480 1415 611 1461 summa
649 1391 847 1484 diligentia:
883 1391 997 1462 adhuc
1033 1404 1178 1464 senatus

101 1519 321 1608 consultum,
354 1521 432 1590 ¹nisi
477 1519 521 1590 de
567 1519 663 1590 feriis
704 1515 852 1610 Latinis,
888 1519 1024 1590 nullum
1060 1519 1170 1592 facere

97 1659 299 1741 potuerunt.
343 1649 488 1744 ‚Curioni
512 1662 627 1721 nostro
652 1651 847 1721 tribunatus
869 1647 1067 1740 conglaciat.
1100 1646 1174 1718 Sed

99 1773 168 1843 dici
204 1797 272 1844 nou
307 1785 445 1869 potest,
480 1777 653 1869 quomodo
684 1777 741 1847 hic
772 1777 884 1848 omnia
907 1778 1049 1846 iaceant.
1099 1776 1190 1846 Nisi·

99 1924 164 1996 ego
202 1923 283 1972 cum
313 1899 511 1974 tabernariis
545 1913 579 1974 et
599 1903 746 1999 aquariis
768 1901 983 1996 pugnarem,
1007 1912 1167 1972 veternus

96 2027 280 2098 ciuitatem.
296 2042 500 2125 occupasset.
552 2031 586 2100 Si
609 2030 726 2101 Parthi
752 2054 810 2102 vos
832 2030 926 2100 nibil
942 2029 1126 2101 calfaciunt
1138 2041 1164 2120 ³,
1250 2121 1252 2126 Ι

100 2176 176 2224 nos
189 2154 246 2224 hio
270 2153 419 2252 frigore⁴
454 2159 675 2253 frigescimus.
727 2157 854 2232 Tamen
866 2213 883 2250 „
902 2180 1041 2255 quoquo
1066 2157 1181 2258 modo¹

99 2284 162 2356 bio.
191 2286 304 2382 omnia
338 2285 495 2375 amnt,
530 2288 645 2381 patuit
679 2288 752 2358 sina
774 2261 919 2358 Parthis.
968 2287 1113 2360 bibulus
1132 2289 1169 2360 in

98 2408 231 2480 Amano
264 2411 377 2482 nescio
412 2412 498 2507 quid
534 2412 834 2494 cohorticularum,
853 2415 975 2484 amisit.
1025 2413 1098 2488 Hoc
1121 2418 1169 2486 sic

97 2538 297 2608 nuntiatum
328 2549 389 2608 est.

150 2793 186 2864 ll.
238 2796 339 2884 Quod
371 2796 435 2867 tibi
451 2760 572 2891 'supra
607 2797 724 2892 scripsi
760 2796 941 2867 Curionem
965 2798 1089 2868 valde⁵
1111 2799 1167 2869 fri·

101 2947 206 3018 gere,
230 2925 295 2994 iam
321 2925 429 2997 calet:
452 2950 531 2995 nam
556 2925 800 2996 ferventissime
824 2927 1051 3017 concerpitur.
1102 2925 1166 2997 Lc-

100 3051 262 3120 vissime⁰
287 3053 402 3141 enim,
424 3053 504 3146 quia
527 3053 571 3123 de
597 3051 830 3128 intercalando
854 3075 921 3122 non
947 3045 1165 3159 obtinuerat,

100 3178 284 3273 transfugit
317 3179 360 3249 ad
396 3179 565 3275 populum
599 3193 635 3251 et
668 3180 892 3275 pro'Caesare
915 3178 1010 3273 loqui
1033 3158 1167 3270 coepit:

98 3306 290 3400 legemque¹
317 3307 480 3396 viariam,
504 3330 572 3377 non
594 3307 792 3376 dissimilem
816 3307 964 3398 agrariae
989 3305 1105 3392 Rulli,
1131 3315 1166 3372 et

97 3435 364 3525 alimentariam,
402 3453 514 3529 quac⁷
550 3437 645 3505 iubet
681 3433 805 3505 aediles
843 3431 973 3520 metiri,
1018 3430 1165 3501 iactavit.

104 3603 335 3622 ῃ

149 3687 191 3753 (1)
209 3685 401 3738 stellulis.
420 3689 433 3737 1
452 3698 477 3738 et
493 3688 518 3738 2.
543 3688 639 3738 bened.
660 3706 689 3732 =
711 3688 871 3738 alterutrum
895 3689 963 3741 Gett.
1000 3687 1040 3755 (2)
1060 3685 1104 3739 Sic
1116 3689 1168 3741 tlt.

14 3763 16 3776 ’
96 3773 164 3826 Lall.
187 3776 286 3826 Bensd.
308 3774 370 3828 Sch.
391 3805 426 3817 -
447 3779 566 3842 confecta
589 3777 659 3830 Crat.
684 3777 753 3828 Via.
774 3779 788 3829 1
806 3788 831 3829 et
846 3779 871 3829 2.
887 3777 978 3829 Lamb.
996 3776 1089 3829 Graes.
1106 3778 1169 3829 Em.

106 3866 153 3932 (-
164 3866 265 3930 federa
280 3883 327 3934 pro
339 3866 421 3931 sceda
435 3867 499 3934 lld.)
519 3868 603 3917 Tumt
621 3867 740 3930 -foede
762 3872 787 3918 et
806 3868 936 3918 inhoneste
952 3867 1044 3918 Lomb.
1080 3868 1121 3936 (3)
1140 3887 1169 3914 =

95 3957 233 4022 oalflcr'uul
258 3956 308 4007 llld.
347 3957 387 4024 (l)
407 3987 440 3994 —
457 3974 504 4008 uos
519 3958 586 4008 nibil
593 3959 636 4020 fr.
652 3957 703 4008 ud.
720 3957 788 4008 Crat.
806 3957 919 4020 Rened.;
943 3956 986 4005 hic
1008 3955 1041 4005 ita
1070 3955 1169 4006 distin·

98 4063 201 4112 guens:
218 4063 316 4114 -Jros
337 4047 416 4098 nibil:
436 4047 508 4111 frig.
525 4046 649 4098 Ceterum
665 4048 747 4097 mirus
772 4055 809 4096 est
832 4047 879 4095 iste
903 4044 1087 4095 Hebraismus:
1105 4047 1169 4118 sri-

93 4152 161 4200 gore
180 4138 361 4202 frigescimus.
387 4137 451 4187 Puto
474 4137 569 4186 luisse:
588 4136 694 4200 frigore
712 4137 871 4200 rigescimus.
916 4133 956 4202 (5)
975 4163 1010 4173 -
1027 4151 1079 4185 om.
1096 4136 1169 4186 valde

95 4227 168 4278 Crat.
194 4227 287 4278 Lamb.
324 4227 364 4294 (6)
384 4255 418 4265 -
436 4226 581 4278 Bellissime
607 4224 675 4276 Crat.
700 4224 796 4275 llanut.
820 4223 912 4274 Lamb.
951 4224 990 4291 (7)
1010 4223 1053 4275 Sic
1076 4223 1168 4274 Graes.

96 4314 164 4366 um.
179 4314 242 4366 Soh.
259 4316 307 4366 olr.
323 4315 452 4367 Sclrubert
469 4315 499 4367 de
513 4315 649 4366 Aedilibus
664 4333 691 4382 p.
708 4315 766 4368 16⁷.
782 4344 817 4356 -
831 4331 897 4382 ortas
910 4313 962 4364 tld.
979 4313 1062 4381 Neap.
1077 4311 1167 4377 Antiq.

94 4403 166 4456 Crat.
183 4404 250 4456 Vter.
268 4406 281 4454 1
300 4415 325 4458 et
343 4406 368 4456 2.
385 4405 476 4457 Lamb.
495 4405 590 4455 lleued.
