2978 5186
616 377 679 438 183

93 612 182 650 rnatu
215 612 251 650 ex
277 591 364 652 bonis
393 591 487 668 patris
516 589 554 646 ad
583 607 653 648 eum
678 590 773 667 impis
793 590 965 668 pervenisse
985 595 1075 666 utque
1094 587 1174 646 iliud

91 700 248 775 pecuniae
275 697 357 776 apud
384 695 548 754 Servilium
574 694 726 772 depositae
748 694 869 772 pondus
898 693 997 752 eidem
1017 677 1172 771 praevari-

93 805 227 862 cationis
250 821 373 864 eausam
402 799 513 870 fuisse,
538 808 572 858 ut
600 801 719 858 actione
744 801 860 858 iniusta
887 796 1055 877 depositam
1077 817 1173 876 pecu-

92 909 183 966 niam
210 909 269 967 sibi
302 908 454 966 retineret.
490 905 568 963 Haeo
606 905 767 984 explicatio
792 907 825 963 iu
855 905 919 962 ioco
953 910 1014 962 tam
1044 903 1172 962 obscuro

92 1021 222 1090 propter
251 1012 397 1070 historiae
422 1011 535 1083 totius,
567 1027 660 1088 quam
688 1009 808 1068 Coelius
833 1009 975 1088 respicit,
1007 1011 1181 1086 ignoratio»

92 1132 188 1190 nem,
221 1111 354 1194 aliquem
383 1114 492 1172 saltem
525 1131 648 1172 sensum
686 1133 723 1172 ex
749 1114 798 1172 his
828 1114 947 1186 verbis,
973 1115 1170 1194 antiquorum

92 1220 247 1279 librorum
273 1221 459 1278 auctoritate
477 1220 644 1295 expressis,
673 1219 799 1289 elicuit,
830 1237 901 1277 eum
930 1226 1018 1278 autea
1048 1241 1171 1284 sensum

91 1323 159 1382 fere
190 1303 314 1382 nullum
342 1324 380 1380 iis
405 1324 503 1381 inesse
533 1321 678 1382 viderem.
699 1353 741 1368 -
760 1321 865 1382 Fateor
882 1324 1008 1401 quidem
1028 1337 1172 1388 constru-

91 1430 229 1488 ctionem
256 1427 435 1498 verborum,
463 1445 525 1505 qua
555 1424 674 1484 Coelius
704 1443 778 1484 usus
797 1435 860 1498 est,
891 1425 954 1508 Quo
969 1440 1054 1488 cento
1066 1437 1170 1510 proii-

94 1536 177 1592 citur
202 1533 322 1612 Appius
347 1535 460 1603 minor,
492 1543 568 1608 utu
599 1531 725 1606 diceret,
752 1551 812 1592 non
844 1551 910 1592 esse
933 1535 1047 1612 regulis
1072 1537 1182 1598 bonae

90 1639 257 1696 latinitatis
288 1636 557 1717 adcommodatum.
607 1635 665 1695 Sed
697 1636 774 1694 mihi
808 1644 909 1696 tamen
936 1651 1067 1719 tempus.
1088 1642 1168 1702 illud

84 1744 256 1822 proiicitur
273 1742 364 1801 simul
385 1750 504 1819 tempus
525 1744 724 1819 praeteritum
746 1742 908 1820 complecti
931 1745 1062 1805 videtur.
1076 1723 1080 1734 ⁸
1093 1747 1169 1807 Nam
1257 1795 1258 1800 ,

90 1849 214 1908 Coelius
237 1857 333 1906 totam
354 1845 445 1924 Appii
466 1848 617 1907 sotionem
640 1847 779 1921 enarrat,
799 1865 879 1926 quae
899 1858 1001 1908 tamen
1022 1850 1167 1910 Lateren-
1237 1889 1241 1898 -
1274 1889 1276 1895 2

89 1956 131 2012 sis
170 1953 319 2012 Praetoris
336 1987 339 2000 ι
355 1951 475 2009 inscitia
504 1952 642 2010 nondum
673 1961 737 2010 erat
763 1951 859 2010 fluite.
910 1954 1020 2034 itaque
1049 1956 1180 2034 Appius*

88 2056 219 2136 quidem
262 2055 426 2114 Servilium
459 2057 560 2114 adhuc
588 2075 675 2116 reum
703 2055 824 2142 egebat,
856 2065 886 2115 et
916 2058 954 2116 de
985 2077 1020 2116 eo
1048 2058 1166 2120 Coelius

93 2161 204 2223 scribit
214 2186 226 2220 :·
247 2162 434 2240 proiicitcr,
455 2161 509 2220 sed
529 2163 593 2240 ipsa
614 2163 821 2222 accusationis
833 2179 922 2222 eausa
942 2165 1003 2224 ism
1024 2164 1063 2224 ad
1081 2140 1167 2226 Prae-

91 2279 191 2326 torem
219 2267 320 2325 delata
344 2278 425 2341 erat3
452 2285 551 2345 *quare
582 2268 620 2326 de
650 2267 747 2346 Appio
776 2268 912 2328 Coelius:
933 2271 1100 2349 proiicitur
1126 2299 1173 2316 -v

90 2379 124 2428 ut
140 2372 261 2430 diceret.
478 2411 482 2420 -
1024 2373 1165 2434 Bsmomr.

130 2476 293 2535 diceret.
333 2475 394 2535 tut
425 2477 488 2535 hoc·
515 2477 671 2548 abundat,
699 2498 770 2536 cum
801 2479 915 2537 indicet
939 2478 1070 2538 dixerit:
1112 2490 1165 2538 aut

89 2581 275 2640 mendosum
300 2581 441 2664 videtur,
472 2602 542 2642 eum
573 2581 655 2640 dicet
682 2581 721 2641 ad
751 2583 878 2642 verbum
908 2583 1022 2640 indicet
1050 2585 1165 2644 rectius

90 2685 349 2746 accommodetur.
1037 2709 1040 2716 ’
1061 2687 1164 2754 itiner.

109 2811 192 2838 ’ψ-
212 2821 273 2836 --
312 2789 378 2848 Nou
397 2792 539 2849 convenit
558 2793 596 2858 τῷ
617 2787 750 2848 indicet:
778 2789 953 2850 debet-esse
972 2790 1064 2857 dieat.
1105 2792 1164 2850 Sed
1244 2812 1246 2822 ⁴

89 2915 147 2974 ogo
162 2893 255 2974 plane
276 2877 441 2954 delendum
459 2904 553 2972 puto,
573 2902 603 2954 et
621 2913 684 2953 esse
704 2914 722 2953 a
738 2894 911 2970 glossatore.
1039 2895 1162 2959 unam.

132 3001 202 3078 qui
229 2997 325 3055 titis
352 3000 627 3057 aestimarent.
670 2997 755 3072 Quod
771 2991 908 3078 litisvpro
926 2999 991 3057 lites
1011 3001 1161 3079 seriptum

87 3109 147 3178 sit,
168 3106 314 3184 antiquae
333 3104 565 3162 consuetudinis
588 3109 641 3162 est.
683 3103 854 3162 Priscianus
871 3103 903 3162 t.
917 3103 988 3164 tn.
1010 3101 1049 3182 [c.
1071 3103 1163 3164 XVII.

87 3191 136 3271 8'6.
162 3211 228 3290 Kn]
251 3208 437 3295 instituent
460 3208 544 3268 titis:
579 3209 683 3268 Cicero
712 3211 745 3267 in
775 3209 997 3268 Frumentaria:
1044 3208 1163 3286 Sedosti

88 3319 171 3376 enim
192 3315 257 3372 litis
275 3313 403 3372 illorum.
1060 3313 1163 3398 Menon.

128 3421 158 3502 §.
181 3421 210 3480 3.
253 3419 354 3499 quod
379 3439 510 3506 sotrum
537 3419 739 3477 iudicium
769 3419 1039 3496 semetpsos,
1062 3417 1159 3494 Vulgo

87 3527 245 3584 indicum:
270 3525 324 3583 sed
343 3524 424 3583 illud
443 3522 894 3604 antiquius,que1uadtuodum
915 3523 996 3600 apud
1016 3521 1160 3581 Plautum

87 3631 291 3688 meretricium
310 3649 365 3707 pro
383 3629 578 3686 mretricem.
620 3627 655 3684 Et
676 3624 732 3704 e'go
752 3624 833 3705 apud
849 3625 973 3684 Fabium
995 3624 1161 3698 Quintiliu-

84 3755 160 3794 num
188 3735 293 3793 inveni
318 3732 482 3811 artificium
509 3733 542 3789 in
572 3731 633 3790 Pal.
660 3730 715 3789 MS.
732 3743 788 3808 pro
810 3728 970 3807 artificum.
1012 3727 1060 3786 sio
1078 3747 1158 3806 quo-

85 3860 147 3920 que
174 3839 270 3896 editio
296 3837 543 3914 Antwerpiensis.
955 3895 958 3908 Ι
994 3833 1158 3894 Grunsunue.

78 3997 84 4004 .
127 3977 190 3990 --
209 3977 273 3988 --
296 3941 388 4000 diale
409 3941 460 4000 hio
481 3938 701 3998 nonnullorum
719 3946 793 3996 vett.
810 3937 959 3996 librorum
979 3940 1160 3997 auctoritate

83 4051 177 4108 nixus
214 4049 427 4126 antiquitatem
466 4045 586 4104 affectat
623 4042 810 4103 Gebhardus.
858 4043 939 4101 Meus
965 4059 1037 4100 saue
1061 4041 1158 4101 codex

82 4155 312 4214 uetustissimus
343 4171 413 4210 oum
455 4150 585 4229 reliquis
622 4147 729 4231 scribit
761 4147 926 4224 iudicum,·
940 4146 1023 4226 quod
1050 4149 1159 4230 morito

84 4261 254 4320 retinemus
285 4276 357 4316 cum
385 4256 575 4316 editionibus
601 4254 789 4314 melioribus.
1016 4253 1159 4314 Gitanas.

86 4435 94 4446 .
123 4362 152 4442 ᾗ.
186 4362 215 4425 9.
265 4361 431 4420 niteram
461 4371 594 4420 utrum.
647 4359 728 4418 ilaue
766 4358 927 4418 lectionem
969 4357 1016 4416 Dr.
1048 4357 1080 4434 1,
1111 4347 1158 4436 il,
