3012 5182
472 597 746 660 numm
796 601 844 658 Χ.

430 689 434 692 ·
533 691 577 758 (ao
595 691 666 742 rem.
684 691 717 742 11.
736 689 789 758 to.)

514 848 807 936 Argumentum.

166 995 314 1117 Questus
338 1029 377 1116 ele
405 1025 586 1102 tabellariis,
611 1028 715 1088 literas
734 1049 796 1090 non
816 1032 1059 1110 perferentibus,
1082 1051 1144 1114 qno
1164 1045 1197 1094 re

123 1135 252 1198 occulte
266 1133 401 1196 Coelium
415 1149 556 1193 sconsum
571 1131 696 1192 videtur
710 1133 914 1212 negligentiae
931 1137 1089 1198 literarum
1115 1135 1146 1219 5.
1170 1137 1196 1197 l.

123 1240 281 1318 significat
300 1237 434 1300 Coelium
455 1257 493 1296 ex
508 1236 650 1298 Purthioo
667 1239 749 1300 bsllo
765 1239 877 1301 frustra
894 1243 1032 1302 timuisse
1063 1239 1121 1323 (Cf.
1143 1241 1195 1322 Ep.

123 1343 174 1404 VI.
204 1341 259 1424 l.),
301 1341 385 1422 quod
410 1343 450 1400 sit
482 1343 554 1402 satis
579 1342 674 1421 probe
701 1353 826 1405 ornatus
853 1347 976 1405 auxiliis
1003 1355 1034 1404 et
1062 1347 1196 1404 nominis
1243 1388 1248 1397 .

121 1449 171 1506 sui
197 1447 377 1505 auctoritate
406 1443 436 1525 5.
463 1443 493 1504 2.
534 1443 669 1505 Landeta
698 1466 769 1524 ergo
800 1448 893 1508 Cassii
914 1460 944 1508 et
963 1448 1064 1508 bibuli
1085 1467 1194 1527 opera,

121 1547 229 1609 nerre't
244 1567 296 1608 res
313 1567 330 1608 n
351 1567 383 1607 se
403 1549 436 1606 in
457 1546 574 1608 Amano
592 1559 702 1610 monte·
716 1551 758 1610 ite
773 1561 871 1630 gestes
891 1573 955 1613 esse
973 1563 1008 1612 ut
1028 1555 1197 1632 Imperator
1215 1617 1230 1628 „

122 1649 296 1733 appollstus
314 1654 354 1714 sit
371 1653 401 1734 5.
418 1653 449 1714 3.
491 1653 606 1716 Deinde
625 1655 758 1714 obducto
775 1659 912 1717 exercitu
930 1657 969 1717 ad
986 1657 1199 1718 Eleutheroci-

120 1759 214 1834 lices,
236 1759 484 1820 Pindenissum
505 1777 537 1819 se
556 1762 728 1838 oppugnari
745 1771 868 1840 numat3
891 1763 991 1844 quod,
1007 1780 1196 1842 quamquam

83 1933 89 1942 .
119 1865 363 1946 munitissimum
382 1863 550 1944 oppidum,
565 1864 651 1924 brevi
667 1884 700 1924 ss
721 1875 966 1944 expugnaturum
985 1883 1049 1924 esse
1067 1865 1196 1926 confidit

121 1962 153 2048 5.
174 1965 204 2025 4.
243 1967 281 2026 Et
301 1957 416 2040 tamen,
440 1985 629 2046 quamquam
644 1969 717 2026 setis
733 1967 854 2027 felicem
874 1970 990 2027 exitum
1006 1969 1081 2026 baec
1098 1969 1195 2026 uestn's

120 2069 281 2142 habuerit,
307 2080 392 2148 rogat
410 2070 547 2130 Caelium
568 2077 603 2129 nt
624 2079 727 2145 curet,
748 2092 788 2132 ne
813 2071 890 2152 quid
910 2073 967 2132 sibi
989 2073 1135 2151 temporis
1155 2069 1195 2130 nd

121 2175 316 2254 provinciale
329 2193 442 2234 munus
458 2183 640 2254 prorogetur
655 2172 685 2256 5¹.
703 2177 730 2236 5.
751 2183 851 2255 utque
870 2175 1104 2254 diligentissimo
1122 2193 1195 2254 per-

120 2280 254 2356 scribat,
273 2295 352 2359 quac
370 2281 403 2340 in
418 2299 454 2340 re
473 2279 600 2358 publica
616 2287 746 2357 agantur
760 2278 791 2360 5.
809 2279 838 2340 6.

159 2441 278 2522 Scripta
305 2451 409 2502 estex
433 2445 538 2502 cestris
567 2443 607 2503 ad
637 2443 869 2522 Pindenissum,
894 2455 930 2506 ut
953 2446 1097 2521 videtur,
1122 2465 1193 2506 xvir.

117 2547 189 2607 Kal.
217 2548 285 2606 Dec.
326 2547 408 2606 llicit
434 2549 516 2606 euim
540 2546 569 2630 5.
600 2547 627 2607 4.
654 2568 687 2608 se
716 2551 849 2610 scribere
870 2554 974 2630 quinto
992 2561 1021 2608 et
1047 2550 1194 2630 vigesimo

117 2653 356 2730 oppugnationis
385 2651 446 2712 die.
464 2653 656 2731 oppugnatio
676 2654 765 2714 finita
780 2655 991 2717 Saturnalibus
1008 2653 1060 2736 (ud
1076 2654 1137 2714 Att.
1157 2653 1191 2712 V.
1214 2665 1218 2674 ¹

118 2754 169 2814 20.
187 2753 243 2836 in.)
263 2756 283 2814 i.
303 2755 488 2816 e.xv1.Kal.
510 2757 575 2816 lan.
596 2757 719 2817 duravit
739 2777 811 2818 vcro
827 2759 867 2819 57
883 2760 966 2818 dies:
994 2777 1065 2836 ergo
1084 2765 1191 2836 coepta

118 2881 160 2919 xr.
180 2859 247 2918 Kal.
265 2861 388 2920 llov.-
400 2860 474 2918 Nam
491 2861 574 2940 quod
593 2863 625 2920 in
643 2861 749 2920 eudem
767 2862 806 2920 ad
824 2860 886 2919 Au.
905 2863 938 2920 V.
958 2861 999 2921 20
1016 2863 1059 2919 in.
1076 2861 1192 2936 legitur

116 2966 151 3022 in
176 2961 353 3024 melioribus
380 2965 467 3024 codd.
500 2965 541 3026 47
569 2985 624 3044 pro
644 2963 702 3039 57,
721 2963 755 3023 id
775 2965 886 3024 falsum
908 2984 971 3023 esse
987 2965 1141 3023 evincitur
1158 2973 1190 3022 et

117 3075 269 3128 eoirsensn
287 3071 426 3129 omnium
444 3069 533 3129 codd.¹
550 3070 584 3128 in
601 3069 737 3149 Epistola
757 3069 797 3129 ad
816 3069 958 3129 Catonern
977 3067 1028 3150 (ad
1039 3069 1119 3128 Foru.
1130 3067 1189 3129 XV.

117 3173 146 3236 4.
180 3171 242 3255 ld)
260 3183 291 3234 et
308 3176 374 3252 ipsc
394 3175 623 3254 computatione
638 3171 775 3234 dierumr
799 3193 870 3234 num
889 3193 932 3234 ur.
951 3175 996 3234 ld.
1010 3175 1076 3234 Oct.
1095 3171 1189 3234 Arua-

113 3282 236 3340 nienses
251 3280 346 3356 vicit,
364 3279 470 3362 ibique
490 3281 629 3359 quinque
649 3279 714 3338 dios
734 3275 785 3358 (ad
803 3276 866 3338 litt.
884 3278 916 3336 V.
938 3277 988 3338 20.
999 3276 1043 3360 3.)
1054 3287 1190 3338 moratus

113 3394 159 3444 est
170 3385 209 3443 ad
230 3404 277 3442 xv.
293 3383 360 3442 K'al.
379 3383 452 3442 Nou.
492 3383 558 3441 lam
579 3382 617 3440 dc
634 3382 690 3440 Xll
701 3381 750 3439 vel
760 3380 831 3438 Xlll
842 3380 951 3438 diebus
959 3380 1041 3438 nihil
1051 3391 1188 3438 narraret

115 3487 221 3548 Cicero
236 3490 268 3546 in
287 3487 339 3568 Ep.
353 3487 392 3547 ed
405 3487 466 3546 litt.
475 3487 509 3546 V.
519 3485 561 3545 20
579 3496 610 3544 et
629 3483 668 3544 ud
688 3487 829 3544 Catonem
846 3482 897 3566 (ad
915 3485 995 3543 Fam.
1013 3479 1074 3544 XV.
1093 3481 1143 3562 4.),
1160 3484 1187 3542 si

112 3595 306 3673 oppugnatio
327 3593 405 3671 prid.
424 3591 474 3651 uel
491 3591 565 3669 ipsis
581 3589 648 3650 Kal.
666 3591 739 3650 Nou.
762 3589 923 3667 incepisset
930 3611 939 3666 3
959 3589 1044 3668 quod
1061 3597 1188 3648 nonest
1295 3581 1296 3584 ¹

110 3698 289 3760 verisimile.

276 3839 331 3924 lli.
361 3837 506 3922 Cucerso
534 3836 619 3917 loru.
647 3833 687 3915 S.
716 3832 764 3916 Ι).
793 3832 850 3914 Μ.
876 3831 1024 3916 Cenum

471 3997 600 4054 numu
627 3995 713 4050 GUR·
741 3992 821 4046 DES.

168 4151 202 4219 l.
259 4145 317 4216 Tu
352 4149 457 4235 vido,
494 4153 625 4240 quum¹
666 4142 715 4210 od
735 4095 789 4208 me
811 4128 942 4210 literae
966 4165 1039 4210 non
1055 4146 1180 4234 passe·

120 4304 376 4320 m

162 4340 207 4421 (η’
223 4381 257 4391 -
273 4352 330 4402 vide
344 4367 423 4418 quom
437 4346 545 4410 timide,
564 4358 642 4411 quom
659 4341 714 4394 Cis.
733 4341 802 4393 Crat.
819 4369 853 4380 -
870 4339 993 4408 quomod
1009 4355 1064 4391 ram
1078 4357 1111 4391 ex
1127 4357 1177 4390 en-

115 4448 209 4513 tique,
226 4443 272 4494 sed
286 4442 353 4493 mela
369 4439 525 4492 correctione
539 4433 683 4500 Hert-Log.
698 4432 761 4484 seh.

976 4500 1024 4560 3*
