2978 5186
53 625 56 633 '
112 625 234 696 scutira,
251 621 337 681 uliud
355 624 446 702 loqui.
473 623 529 682 Sed
549 633 578 682 'et
597 625 689 684 huius
707 625 822 688 formae
839 629 974 708 exempla
992 628 1078 708 plura
1097 639 1187 689 sunt·
1239 694 1245 706 ,

114 728 194 808 apud
219 727 410 805 Ciceronem,
432 728 485 788 ubi
506 731 539 788 in
563 729 658 789 altero
677 740 721 790 est
743 742 770 789 et
787 733 834 791 vel
852 734 911 792 alia
928 735 1045 814 copula.
1106 736 1172 796 Eas.

150 833 179 915 ς.
201 832 231 893 4.
272 834 562 893 circumsederi.
604 833 702 913 Vulgo
722 837 1046 898 circumsiderizillnd
1062 840 1174 916 malui,

109 943 181 1020 quia
212 943 245 998 in
276 941 324 999 his
353 941 494 1020 Epistolis
515 942 589 1002 tales
610 945 801 1024 antiquitatis
820 944 1041 1018 affectationem
1064 943 1174 1003 deinde

110 1047 182 1125 qnia
216 1047 258 1105 sic
287 1048 386 1125 reperi
404 1050 437 1106 in
454 1048 528 1108 Pall.
546 1050 664 1127 primo,
682 1051 810 1128 quinto,
831 1049 964 1108 editione
983 1049 1126 1126 primaria
1148 1059 1178 1106 et

110 1149 261 1210 Vaticano.
1059 1153 1178 1212 Gaurus.

145 1255 279 1334 polum
308 1266 470 1315 secreto.
512 1256 652 1316 Facetum
675 1257 751 1330 hoc,
780 1277 835 1336 per
853 1259 983 1337 speciem
1004 1277 1178 1336 repugnan-

108 1361 175 1418 tiae.
582 1347 584 1352 ⁵
621 1365 624 1382 ¹
1051 1361 1178 1424 Errasti..

149 1473 191 1521 ut
212 1461 432 1545 Domitius,
454 1485 566 1545 quum
583 1473 718 1526 m‘cuus
737 1467 784 1525 od
801 1488 838 1525 os
859 1468 1053 1548 opposuit.
1084 1467 1175 1526 Prim.

107 1587 211 1628 meus:
232 1566 320 1626 Addo
340 1570 449 1628 mioius
471 1589 537 1628 oum
559 1571 600 1629 cd
618 1591 666 1629 eos
681 1573 827 1652 apposuit.
854 1571 929 1631 Puto
950 1571 1084 1631 Coelium
1104 1573 1175 1630 scri-

106 1676 215 1752 psisse:
234 1672 278 1733 As
295 1672 448 1732 Domitius
469 1676 592 1734 eumad
613 1695 645 1734 os
665 1678 809 1755 uppomit.
840 1675 968 1735 Videtur
986 1677 1067 1734 enim
1090 1675 1174 1756 digi-

106 1789 164 1838 tum
190 1789 245 1844 aut
276 1799 401 1854 mnus,
429 1784 476 1840 uti
502 1784 641 1841 concisus
669 1792 713 1840 est
735 1781 854 1841 Coelius
869 1792 898 1840 et
917 1780 1038 1847 brevis,
1059 1780 1176 1838 subau-

105 1883 265 1944 diendum.
1028 1885 1171 1943 Graevius.

141 1987 222 2070 §.li
264 1990 323 2046 ito
342 1990 904 2069 utnmcuimusrumorfuit.
946 1988 1167 2060 Dubitavi‚an

103 2115 160 2154 non
173 2094 254 2154 hauc
264 2097 520 2154 constructionem
532 2094 638 2154 donari
648 2105 783 2174 oporteat
794 2095 887 2153 Coelii
898 2094 1020 2153 cuidam
1042 2096 1073 2152 in
1095 2097 1173 2152 scri-

104 2199 205 2259 bendo
225 2200 427 2278 negligentiae
445 2208 476 2258 et
496 2198 665 2275 celeritati,
682 2219 773 2279 quam
792 2209 822 2258 et
841 2199 933 2278 paulo
951 2207 1021 2258 ante
1041 2199 1173 2258 ostendit

102 2306 132 2362 in
153 2305 213 2364 hac
231 2303 356 2384 periodo
377 2302 418 2385 [ᾗ.
441 2303 482 2383 1.]
502 2304 745 2382 quemadmodum
765 2314 863 2362 uctum
885 2305 942 2376 sit,
964 2312 992 2360 ct
1018 2324 1092 2382 quos
1111 2305 1172 2361 cm'-

104 2411 345 2468 stimott'osecuto
356 2453 365 2484 ,
386 2429 516 2488 quaeque
538 2409 572 2467 dc
592 2428 624 2466 eo
644 2430 708 2488 spes
728 2418 772 2467 est
783 2429 798 2483 ,'
812 2407 1171 2488 diligentertibs'psrscri·

103 2515 220 2586 demus,
252 2522 286 2573 ut
316 2512 441 2593 quidem
462 2514 495 2570 in
515 2513 638 2591 optimis
658 2512 843 2572 editionibus
871 2513 932 2590 legi
952 2512 1051 2570 video.
1093 2511 1169 2570 Cum

102 2629 203 2679 tamen
220 2621 253 2678 in
274 2618 361 2677 libris
379 2618 498 2695 seriptis
519 2618 622 2696 aliqua
633 2618 684 2676 hic
695 2627 835 2676 occurrat
854 2617 1000 2688 varietas,
1021 2618 1054 2674 in
1075 2616 1169 2676 Coelii

100 2726 227 2802 gratiam
258 2724 365 2802 opinor
394 2721 506 2781 inisse:
537 2723 581 2780 itu
602 2730 633 2781 et
652 2723 689 2780 iu
707 2721 778 2780 urdo
799 2741 834 2780 cc
847 2721 921 2800 foro
941 2729 1000 2777 toto
1019 2723 1167 2778 mouimus

101 2848 201 2886 rumor
216 2827 286 2887 tuit
387 2831 389 2838 '
966 2823 1023 2882 ltu.
1045 2823 1166 2882 Guouov.

138 2934 351 2991 misererer
371 2933 476 2989 vsius
508 2931 671 2989 esuriei.
732 2929 919 2989 auctoritate
958 2929 1166 3006 antiquiorum

100 3037 206 3096 llrcsd.
234 3037 249 3095 I
280 3046 310 3122 ct
340 3035 389 3111 11,
419 3034 523 3093 malim
555 3034 655 3112 legere
683 3036 748 3092 sius
778 3034 893 3108 esurie,
931 3035 985 3113 qui
1012 3034 1165 3111 genitivus

98 3142 216 3217 Coelio,
237 3142 427 3222 antiquitatis
448 3140 599 3210 studioso,
619 3115 682 3198 noi
700 3146 745 3198 eat
765 3137 920 3216 indignus.
1020 3137 1162 3196 Bassumr.

136 3281 200 3292 —-
219 3279 281 3292 ·--
308 3245 448 3315 Esurics,
478 3244 529 3302 des·
560 3243 702 3324 Huuger,
733 3244 849 3302 kommt
869 3243 965 3301 scltcu
988 3263 1060 3312 vor,
1086 3243 1166 3300 viel-

98 3351 193 3438 leicht
226 3371 280 3410 ans
316 3351 371 3409 der
404 3349 569 3427 ·gemeinen
608 3347 827 3426 Volkssprachc
865 3356 1079 3420 entnommen,
1115 3347 1167 3405 bei

96 3455 216 3516 Coelius
247 3453 320 3536 (Cic.
348 3453 427 3512 Fam.
458 3452 538 3512 Vlll.
572 3448 615 3532 1.)
642 3461 725 3510 sonet
756 3471 815 3508 nur
835 3451 1093 3528 Spitt-Lateiniach
1115 3449 1167 3509 fiir

88 3561 205 3639 sumes,
237 3559 349 3628 iucdic.
1013 3539 1014 3544 ἵ
1066 3553 1163 3612 Kassa.

134 3663 315 3722 Ploucus
343 3671 442 3720 tuus.
482 3660 609 3737 Ingenio
639 3658 757 3719 Coelius
776 3657 836 3717 init
857 3657 895 3717 ad
917 3657 1077 3717 iocandum
1098 3677 1165 3736 pro·

95 3769 185 3827 clivi:
206 3768 290 3848 qnod
311 3776 340 3826 et
356 3766 578 3842 Quinctilianns
599 3765 812 3824 animadvertit
829 3767 861 3823 in
883 3766 948 3822 eius
967 3765 1163 3837 orationihus,

94 3883 124 3932 et
141 3863 266 3944 omncs,
284 3891 362 3951 quae
382 3891 465 3930 nunc
485 3872 647 3949 leguntur,
666 3869 705 3929 ab
725 3888 759 3929 eo
780 3860 909 3948 scriptae
929 3869 967 3927 ad
988 3869 1162 3928 Ciceronem

94 3978 239 4057 epistolae
269 3977 485 4036 demonstrant.
531 3975 609 4033 Tuus
639 3975 691 4032 hic
723 3974 816 4045 dixit,
845 3993 915 4032 cum
941 3974 1057 4032 ironia:
1078 3973 1161 4052 quod

92 4083 223 4142 Plancus
251 4083 345 4142 Bursa
375 4082 525 4142 Ciceronis
555 4091 632 4139 esset
662 4081 908 4150 inimicissimus,
938 4097 995 4139 nac
1025 4081 1158 4149 iniuria,

92 4187 179 4266 quod
205 4206 240 4248 eo
275 4198 453 4260 accusante,
484 4195 519 4246 ut
550 4185 604 4246 Dio
634 4185 779 4259 tradidit,
814 4185 852 4245 de
882 4188 912 4245 vi
941 4185 1159 4252 condemnatus

91 4301 180 4352 esset.
1054 4289 1155 4354 Minos,
