2978 5186
788 370 850 430 124

287 586 405 648 Cicero:
424 584 484 642 Nec
500 601 568 641 cero
587 583 624 640 M
646 581 775 640 Coelium
789 581 1035 660 praetereundum
1046 583 1182 658 crlritrcr,
1200 603 1361 662 quaecum·

288 710 343 770 que
364 692 428 748 eius
448 679 482 746 in
503 689 586 746 cuitu
606 687 652 745 cel
663 688 810 765 fortuna,
828 685 874 744 ccl
890 685 970 744 niens
982 687 1059 767 fuit.
1087 688 1220 774 Nequam
1241 697 1271 746 et
1289 709 1361 767 pro·

286 796 394 872 dignm
422 794 535 865 fuisse,
561 811 596 850 ex
624 793 673 850 his
704 791 808 849 Vellcii
835 791 934 850 verbis
955 792 1154 868 intelligitur:
1188 792 1263 852 Cum
1281 814 1317 852 ne
1338 814 1359 851 a

285 898 348 956 diis
374 898 493 977 quidem
518 898 631 955 seruari
652 905 751 975 posset
778 894 897 977 (quippe
918 898 1008 974 peior
1028 895 1079 954 illi
1097 917 1144 954 res
1159 898 1355 976 familiaris,

286 1022 377 1082 quom
397 1022 477 1060 mens
497 1001 571 1083 erat)
589 1004 623 1058 in
636 1011 780 1080 praetura
796 1019 940 1059 uenarum
959 1000 1127 1060 tabularum
1145 1013 1251 1060 muctar
1265 1004 1356 1061 eusti-

287 1110 333 1167 tit.
359 1107 469 1166 Eodem
490 1110 642 1185 pertinent
663 1106 717 1164 illa
737 1106 935 1180 Quinctiliani
957 1106 1009 1166 lib.
1033 1105 1058 1165 l.
1080 1127 1107 1167 c.
1127 1107 1155 1166 6.
1176 1107 1261 1166 Haec
1284 1106 1358 1189 (ety·

287 1211 430 1292 molegio)
449 1212 535 1270 lohet
552 1211 714 1289 aliquando
732 1230 818 1268 usum
837 1212 1051 1281 necessarium,
1073 1212 1187 1291 quoties
1213 1214 1356 1291 interpre-

288 1320 399 1376 tatione
418 1337 474 1393 res,
495 1317 529 1374 dc
550 1336 610 1395 quc
631 1318 793 1395 quaeritur,
815 1326 893 1396 eget.-
913 1326 947 1373 ut
964 1335 1031 1373 cum
1053 1316 1091 1374 M.
1112 1313 1279 1374 Coelius'sc
1296 1337 1360 1375 esre

289 1425 434 1482 hominem
455 1423 548 1502 frugi
566 1421 630 1479 cult
643 1421 783 1500 probare,
801 1427 860 1478 non
881 1423 954 1499 quic
974 1422 1128 1480 abstinens·
1144 1423 1199 1494 sit,
1222 1420 1303 1504 (nam
1321 1423 1360 1478 id

288 1549 325 1588 uc
354 1529 476 1585 mentiri
503 1527 622 1606 quidem
637 1525 765 1607 poterat)
784 1527 835 1584 sed
854 1528 926 1605 quic
944 1526 1031 1585 utilis
1047 1526 1158 1601 multis,
1177 1527 1212 1584 id
1231 1538 1275 1586 est
1290 1528 1356 1595 fru·

283 1641 420 1702 ctuosus,
441 1631 518 1689 unde
538 1632 579 1687 sit
600 1631 681 1688 dicta
694 1631 872 1711 frugalitas.
901 1631 1093 1709 Irnpudicnm
1114 1631 1301 1690 etlascivanr
1313 1652 1362 1690 os·

290 1735 390 1794 tendit
409 1735 505 1794 cretio
526 1732 685 1793 Ciceronis.
714 1734 848 1793 Saltandi
867 1745 962 1794 artem
981 1735 1146 1813 diligenter
1166 1737 1288 1808 didicit,
1310 1740 1362 1795 in·

290 1842 398 1919 gennis
415 1839 589 1898 indecoram
610 1849 701 1918 atque
721 1840 931 1922 inhonestam
955 1841 1059 1920 itaque
1078 1839 1273 1920 reprehendit
1290 1861 1363 1901 earn

294 1947 394 2025 Scipio
420 1944 609 2004 Aemilianus
639 1947 671 2002 in
701 1947 836 2004 oratione
857 1954 960 2004 contre
982 1945 1078 2022 legem
1100 1944 1295 2004 iudiciariam
1314 1947 1361 2006 Ti.

292 2050 437 2123 Gracchi,
464 2051 552 2108 cuins
579 2050 654 2108 haec
674 2050 765 2107 rerba
788 2051 843 2108 lib.
864 2049 893 2109 2.
914 2051 1031 2108 Saturn.
1054 2070 1079 2109 c.
1101 2026 1149 2110 10‘.
1171 2053 1280 2110 recitat
1301 2051 1358 2110 na-

293 2156 430 2217 crcbins:
460 2152 612 2212 Ducentur
631 2156 813 2234 praestigias
832 2155 1019 2229 inhonestas,
1041 2175 1108 2212 cum
1128 2157 1310 2226 cinaedulis,
1331 2169 1362 2215 et

293 2259 449 2334 sambuco,
463 2258 787 2338 psalterioquecuntin
806 2260 908 2318 ludum
924 2260 1103 2318 histrionum
1110 2285 1126 2334 ,·
1144 2262 1266 2320 diccunt
1286 2283 1361 2321 can-

294 2374 370 2436 tcre,
400 2383 475 2443 qnae
494 2365 620 2421 maiores
641 2367 736 2421 nostri
765 2367 906 2446 ingenuis
929 2367 1039 2444 probra
1058 2367 1162 2425 ducier
1179 2369 1359 2442 coluerunt;

239 2474 241 2483 “
294 2478 379 2544 eunt,
408 2470 546 2548 inquam,
574 2470 608 2525 in
638 2469 740 2526 ludum
761 2470 948 2529 saltatorium
966 2474 1045 2530 inter
1065 2473 1204 2531 cinaedos
1224 2476 1363 2555 virginee

291 2574 437 2652 puerique
455 2575 590 2653 ingenui.
611 2572 693 2631 Ilaec
711 2594 778 2632 cum
795 2577 871 2634 milri
889 2579 1046 2656 quisquam
1063 2579 1214 2654 narrabat,
1224 2599 1285 2638 non
1293 2590 1361 2660 pot-

295 2697 375 2736 eram
395 2680 526 2736 animum
544 2678 697 2752 inducere,
719 2700 753 2737 ec
774 2680 882 2739 liberos
902 2701 970 2740 suos
988 2682 1101 2740 nobiles
1119 2683 1251 2741 homines
1278 2684 1362 2741 dcce-

295 2802 341 2840 rc:
369 2783 435 2857 sed,
464 2801 532 2840 cum
553 2781 659 2840 ductus
680 2803 744 2840 sum
763 2786 798 2842 iu
821 2785 923 2843 ludum
943 2785 1146 2863 saltatorium,
1159 2788 1231 2867 plur
1247 2787 1367 2847 medius

289 2887 394 2966 fidius
412 2888 446 2945 in
464 2908 496 2944 eo
514 2886 582 2944 ludo
601 2888 667 2946 cidi
679 2890 784 2966 pueris
804 2891 1032 2970 virginibusque
1051 2893 1241 2973 quingentis:
1258 2896 1295 2951 in
1310 2894 1361 2952 luis

296 3013 404 3067 unum,
422 2991 500 3069 quod
513 3012 558 3048 mc
574 2992 753 3070 reipublicae
771 2997 898 3052 manime
917 2996 1068 3054 misertum
1087 3007 1138 3072 est,
1150 3019 1280 3078 puerum
1296 3000 1361 3057 lrul·

300 3098 407 3169 latum,
429 3096 568 3174 petitoris
585 3096 710 3177 filium,
741 3118 800 3157 nou
825 3101 968 3158 minorem
995 3103 1083 3159 annis
1103 3103 1276 3180 duodecim,
1297 3125 1367 3163 cum
1403 3135 1407 3142 ·

299 3194 420 3260 crotalis
447 3199 568 3259 saltare:
592 3222 679 3280 quam
699 3199 885 3262 saltationem
906 3206 1076 3283 impudicus
1096 3209 1230 3267 seruulus
1246 3210 1366 3268 honeste

300 3304 406 3364 saltare
426 3322 485 3360 non
496 3281 615 3383 possets
632 3309 716 3367 Idem
735 3308 815 3366 inira
834 3310 895 3368 sic:
921 3308 985 3367 linc
1003 3311 1101 3368 ecdem
1120 3322 1246 3392 tempore
1266 3315 1365 3374 tribus

209 3450 214 3454 -
300 3410 495 3470 nobilissimis
522 3412 651 3486 ciuibus,
678 3435 739 3472 non
759 3415 843 3473 moda
866 3415 998 3472 studium
1017 3417 1163 3489 cultandi,
1184 3419 1364 3494 sedetiam,

256 3569 260 3574 .
300 3517 329 3573 si
359 3515 419 3572 diis
440 3511 556 3593 placet,
580 3520 741 3596 peritiam,
772 3539 830 3596 quc
854 3518 1074 3599 gloriarentur,
1087 3523 1207 3601 fuisse,
1233 3523 1364 3582 Gabinia

302 3619 466 3694 consulari,
494 3617 647 3681 Ciceronis
672 3625 814 3696 inimico,
844 3625 923 3702 quod
948 3628 976 3683 ci
1003 3638 1031 3683 ct
1058 3626 1160 3686 Cicero
1182 3648 1246 3686 non
1269 3629 1366 3687 dissi-

242 3805 246 3814 ,
302 3725 448 3784 mulcnter
473 3723 595 3798 obiecit,
619 3737 647 3785 et
669 3726 707 3784 M.
735 3724 849 3802 Coelio,
870 3738 938 3786 noto
958 3732 1038 3789 inter·
1056 3734 1157 3791 turbas
1177 3735 1257 3808 circ,
1279 3754 1368 3812 quem

301 3835 380 3893 idem
410 3831 511 3892 Cicero
538 3832 686 3913 defendit,
714 3841 742 3888 et
771 3830 894 3890 Licinio
922 3831 1044 3908 Crasso,
1077 3835 1178 3896 Crassi
1206 3841 1281 3910 eius,
1311 3843 1369 3919 qui

274 3925 276 3928 ¹
301 3939 380 4020 opud
405 3937 533 3997 Partlros
563 3939 726 3996 eusrincrus
756 3946 814 4012 cst,
827 3937 916 4017 silio.
937 3939 1138 4000 Inconstantis
1159 3946 1276 4021 ingenii
1296 3944 1368 4004 fnit.

300 4045 459 4105 Primum.
485 4044 627 4102 tribunus
654 4041 752 4120 plebis
775 4061 836 4121 quo
853 4061 932 4100 anno
949 4044 979 4104 P.
1004 4045 1125 4105 Gladius
1147 4068 1164 4107 n
1184 4049 1295 4109 Milone
1314 4071 1372 4111 oc-

301 4153 381 4209 cisus
410 4157 470 4222 est,
497 4149 679 4226 optimatum
708 4153 807 4223 partes
828 4145 981 4228 defendit3
1005 4152 1125 4231 quade
1152 4173 1186 4212 re
1216 4157 1261 4214 sic
1282 4157 1372 4218 Cice·

301 4277 336 4317 rc
365 4258 396 4313 in
425 4253 517 4312 Bruto
545 4271 570 4312 c.
601 4250 648 4310 79.
665 4243 746 4308 'tulis
767 4251 904 4313 tribrrnm
918 4255 1018 4334 plebis
1029 4257 1114 4338 fuit,
1136 4269 1169 4316 ut
1179 4251 1273 4318 'nemo
1293 4282 1370 4322 con-

302 4373 349 4425 tra
375 4359 488 4420 cicium
508 4355 694 4436 perditorum
712 4353 886 4434 popularem
918 4361 1169 4443 turbulentamque
1194 4365 1378 4428 dementias»
