3034 5166
605 647 874 710 urrsrcna
925 646 1064 708 1111.
1132 720 1134 724 ,

705 739 1000 813 mmmm

687 929 985 999 Argumentum.

347 1102 459 1200 Multa
487 1138 703 1217 complectitur
732 1138 808 1198 hacc
838 1121 982 1216 Epistola.
1028 1135 1165 1194 Primum
1196 1139 1321 1196 nuntiat
1343 1137 1377 1199 Ι..

306 1244 490 1318 Domitium,
518 1243 574 1322 qui
600 1248 784 1320 auguratum
809 1240 934 1319 pctcbut
963 1235 1021 1320 (Gi.
1046 1236 1099 1315 Ep.
1118 1237 1193 1298 XXI.
1208 1236 1252 1319 4.)
1270 1239 1380 1300 tulisse

308 1347 478 1425 repulsam,
505 1346 641 1425 praelato
667 1344 812 1404 Antonios
841 1361 935 1424 seque
968 1343 1074 1418 haberi
1102 1362 1119 1402 a
1149 1343 1282 1404 Domitio
1310 1346 1378 1404 eius

307 1451 440 1508 iniuriae
467 1457 637 1520 auctorem,
672 1455 703 1506 et
730 1447 835 1506 eadem
864 1446 903 1505 de
931 1464 1023 1505 causa
1050 1445 1249 1505 Saturninum
1274 1465 1293 1506 a
1322 1447 1378 1506 Cn.

306 1553 440 1612 Domitio
468 1553 502 1609 in
532 1550 684 1610 iudicium
713 1569 777 1610 esse
800 1560 943 1610 vocatum
972 1548 1002 1629 5
1031 1541 1063 1608 1.
1099 1549 1215 1609 Deinde
1235 1549 1275 1609 ad
1295 1569 1380 1610 arma

306 1674 373 1714 rem
404 1664 539 1732 spectare
569 1655 611 1713 ait
638 1663 763 1732 propter
791 1655 1016 1713 contentionem
1040 1652 1173 1712 Caesaris
1192 1662 1223 1712 ot
1242 1653 1379 1734 Pompeii

307 1757 349 1818 dc
379 1757 564 1816 exercitibus
590 1757 782 1817 dimittendis
810 1756 841 1837 5
867 1755 896 1815 2.
926 1764 956 1814 ct
985 1755 1135 1834 quaedam
1158 1755 1198 1815 ds
1216 1773 1378 1835 capessen-

310 1860 358 1920 dis
393 1843 572 1922 alterutrius
609 1861 747 1941 partibus
787 1860 923 1939 disputat
955 1858 984 1939 5.
1022 1858 1052 1918 3.
1100 1859 1176 1918 Tum
1211 1860 1378 1922 ridiculam

310 1983 375 2023 csse
412 1965 520 2047 scribit
554 1965 645 2046 Appii
675 1968 808 2026 censoris
833 1965 1025 2044 diligentium
1052 1964 1086 2020 in
1113 1963 1311 2024 emendandis
1338 1967 1379 2024 oi·

308 2070 413 2127 vitatis
443 2068 594 2129 moribus:
626 2088 719 2148 quam
748 2088 813 2127 rem
842 2069 868 2126 si
898 2066 999 2125 ridere
1025 2065 1118 2140 velit,
1146 2066 1286 2126 hortatur
1314 2086 1378 2127 csse
1500 2129 1501 2142 ,

310 2170 537 2251 properandum
560 2169 590 2250 5.
616 2170 645 2229 4.
686 2171 847 2229 Curionem
875 2178 980 2229 coutra
1005 2169 1157 2247 sapienter
1176 2169 1301 2246 fecisse,
1320 2171 1377 2250 qui

311 2273 350 2332 dc
380 2273 533 2352 stipendio
558 2272 695 2352 Pompeii
722 2271 778 2354 (Cf.
807 2273 860 2356 Ep.
885 2273 922 2334 V.
948 2269 991 2354 4.)
1015 2273 1166 2332 remiserit
1191 2271 1222 2352 5.
1249 2273 1278 2333 5.
1319 2273 1378 2332 Ds-

310 2375 521 2468 uique,=quid
545 2375 713 2436 defuturo
738 2377 784 2436 rei
809 2375 952 2464 publicae
974 2385 1056 2437 statu
1084 2383 1271 2456 auguratur,
1286 2394 1378 2456 expc-

308 2482 357 2540 nit
376 2477 407 2561 5.
428 2479 457 2542 6.

351 2687 431 2748 llaec
461 2685 595 2767 Epistola
631 2707 694 2770 quo
730 2689 781 2748 die
814 2692 927 2769 scripta
963 2691 1021 2760 sit,
1051 2689 1203 2750 incertum
1232 2695 1293 2746 ost:
1323 2687 1378 2748 scd

197 2833 199 2838 -
311 2807 379 2850 eam
405 2792 606 2876 recentiorem
634 2809 698 2851 csso
726 2793 897 2871 superiore,
928 2813 965 2852 cx
994 2794 1048 2866 iis,
1064 2813 1159 2872 ·quac
1188 2791 1227 2851 de
1246 2791 1378 2851 Domitio
1499 2821 1500 2824 ¹

310 2901 432 2971 narrat,
468 2895 618 2956 videmus.
659 2896 735 2955 Tum
764 2891 844 2955 vero'
867 2897 1011 2955 nuntium
1040 2895 1080 2955 de
1109 2895 1208 2975 Appio
1237 2915 1376 2968 censore,
1499 2897 1500 2910 ³

313 3001 456 3058 ccsrrimc
485 3010 588 3080 agento
618 3000 653 3058 da
678 3000 778 3080 signis
806 3009 835 3057 at
864 2999 974 3058 sabulis
998 2998 1039 3080 (5.
1066 2996 1108 3079 4.)
1134 3007 1217 3059 certe
1240 3008 1311 3058 ante
1331 2999 1377 3058 lu.

313 3101 378 3160 Oct.
416 3103 533 3178 accepit
569 3101 689 3172 Cicero,
727 3103 841 3180 quippe
875 3105 930 3180 qui
965 3123 1000 3162 cc
1034 3104 1085 3163 die
1118 3103 1162 3162 sic
1190 3103 1312 3182 scripsit
1340 3101 1379 3162 ad

312 3201 375 3262 Ast.
406 3203 455 3263 vl.
481 3201 511 3264 9.
539 3203 568 3266 5.
615 3201 658 3260 Pu
686 3202 762 3260 milri
791 3233 836 3248 --
856 3206 1026 3280 perscribas
1053 3236 1098 3250 --
1127 3206 1162 3263 de
1190 3206 1378 3280 censoribus,

311 3307 497 3384 maximequs
517 3306 552 3364 da
572 3305 687 3386 siguis,
708 3305 835 3380 scholis,
855 3306 931 3384 quid
943 3307 1021 3385 fiat,
1041 3309 1235 3386 rescratum.

614 3531 780 3616 omnus
809 3531 994 3618 Cusanum
1022 3535 1063 3616 S.

322 3783 325 3788 ’
366 3790 399 3860 1.
449 3791 547 3862 Tanti
580 3817 648 3864 non
684 3792 750 3864 fuit
784 3791 931 3868 Arsacen
964 3818 1108 3889 capere,
1145 3789 1371 3864 Seleuceam¹

315 3937 531 4008 expugnare,
566 3927 606 3985 ut
636 3939 753 3989 aarum
774 3941 914 4008 rerum,
949 3942 1037 4013 quae
1060 3918 1117 3988 hio
1134 3929 1251 4012 ¹gestae
1274 3931 1378 4011 sunt,

314 4041 508 4134 spectaculo
543 4065 684 4114 careres.
732 4045 914 4140 Nunquam
949 4043 1012 4114 tibi
1047 4044 1137 4114 oculi
1167 4046 1377 4136 doluissent,

337 4199 545 4218 *uu-—

360 4275 401 4343 (1)
418 4275 463 4329 Sic
475 4276 526 4329 ld.
544 4275 614 4330 cnr.
629 4276 697 4330 Via.
714 4279 739 4328 2.
755 4279 847 4330 Lamb.
864 4279 928 4330 lsrn.
943 4277 1003 4331 Sch.
1021 4281 1061 4348 (hi
1076 4281 1128 4334 duo
1142 4292 1167 4333 st
1184 4281 1264 4335 Orata
1279 4299 1309 4329 =
1327 4281 1380 4333 Sa-

317 4363 447 4432 iasriam.)
468 4394 503 4408 -
522 4369 547 4417 rt
572 4364 622 4418 Sci.
639 4363 733 4419 Graes.
750 4363 846 4420 Βοιαὶ·
1087 4383 1089 4390 “
