2978 5186
850 390 915 450 204

345 615 450 659 mcum.
476 599 567 658 Plura
594 597 633 657 ad
656 615 689 657 ss
716 597 837 657 Sallust.
862 597 925 657 Cat.
950 617 975 656 c.
1004 597 1112 656 XXXV.
1133 617 1189 676 por
1218 599 1325 657 liberos
1343 611 1396 660 tuor

345 713 478 786 regotur.
1035 729 1037 734 ·
1292 705 1398 788 Correus,

387 809 462 891 §.ab
504 820 544 868 ut
563 829 640 869 eum
658 829 824 868 courum.
858 806 983 866 Coccum
1005 804 1151 868 Caesaris.
1179 810 1397 870 Verumiuboc

345 915 507 976 verborum
525 915 643 975 ambitu
657 913 822 974 desiderari
839 912 956 994 aliquid
974 911 1106 974 videtur.
1127 903 1185 974 Sed
1196 914 1314 974 Coelius
1324 919 1397 974 ratio·

345 1039 400 1082 uss
417 1024 629 1101 persequitur,
653 1020 815 1079 verborum
832 1027 1015 1078 structuram
1031 1039 1092 1078 uon
1108 1019 1248 1090 attendit.
1310 1022 1396 1080 Miror

386 1129 430 1185 irs
458 1128 572 1187 ocios
607 1127 802 1186 victorio.
854 1126 903 1184 Dr.
939 1125 964 1184 1.
1007 1125 1063 1184 lll.
1093 1125 1216 1202 Torgav.
1240 1126 1344 1204 legunt
1370 1127 1398 1183 io

346 1234 453 1312 quoius
492 1233 629 1291 victorio.
682 1232 786 1311 Neque
817 1229 1020 1288 dubitaverim
1065 1230 1141 1288 hanc
1182 1230 1341 1290 lectionem
1367 1242 1395 1289 ut

344 1337 502 1397 meliorem
529 1337 679 1414 recipere,
708 1335 781 1415 quia
805 1334 923 1394 Coelius
955 1335 1045 1392 ctiam
1071 1333 1140 1392 aliis
1168 1334 1243 1394 locis
1261 1335 1314 1394 illo
1327 1355 1395 1394 more

344 1443 472 1522 antiquo
488 1442 624 1501 'locutus
654 1448 709 1498 est.
1271 1439 1395 1499 Brarnrsr.

384 1545 413 1628 §.
435 1545 464 1607 l.
506 1547 589 1606 dum
614 1543 731 1623 podet
762 1553 956 1622 teporem
984 1545 1206 1622 optimatem
1233 1565 1318 1603 csso.
1353 1547 1392 1605 llr.

344 1651 400 1711 111.
432 1660 462 1711 ct
487 1651 556 1710 Asc.
585 1651 612 1710 1.
642 1668 712 1708 cum
743 1647 812 1706 aliis
843 1648 949 1706 multis
980 1647 1136 1706 scribunt:
1166 1659 1194 1706 le
1214 1669 1322 1728 porum
1349 1651 1395 1707 od·

344 1765 476 1836 optutum
505 1775 576 1815 csse.
617 1755 740 1831 Torgav.
768 1753 807 1810 od
837 1761 967 1831 optatum
997 1774 1067 1813 csso.
1107 1753 1156 1814 llr.
1186 1755 1226 1816 ll.
1246 1763 1287 1835 ct
1305 1755 1335 1813 V.
1348 1775 1393 1834 po-

289 1855 292 1862 ’
343 1878 410 1918 rum
442 1859 575 1938 adoptati
602 1860 706 1916 iocoso.
748 1858 797 1917 Ilr.
826 1857 851 1916 l.
873 1877 984 1936 portem
1012 1859 1145 1937 adoptati
1171 1879 1243 1919 csse.
1283 1859 1392 1917 Victorii

342 1963 415 2023 libri
437 1983 547 2043 porum
574 1963 737 2043 odoptotim
768 1983 836 2022 csse.
879 1963 1029 2022 Victorius
1058 1964 1118 2022 ianr
1147 1965 1316 2042 suspicatus
1343 1973 1393 2038 cst,

342 2088 405 2128 uon
434 2071 598 2148 genuinam
626 2087 689 2128 esse
716 2067 809 2126 huius
836 2045 900 2126 loci
931 2068 1110 2139 lectionem,
1132 2077 1168 2126 ut
1185 2069 1278 2146 vulgo
1296 2069 1390 2127 editur.

342 2174 429 2234 Forte
457 2174 574 2233 Coelius
602 2175 777 2252 scripserat:
807 2173 876 2231 dum
902 2173 997 2253 pudet
1025 2183 1052 2231 ts
1076 2193 1188 2253 param
1213 2174 1253 2232 od
1278 2185 1396 2254 optatum

343 2299 411 2339 crac.
454 2280 568 2357 Nempe
594 2277 714 2336 Coelius
746 2279 778 2336 iu
816 2279 1066 2336 antecedentibus
1093 2289 1228 2338 suaserat
1256 2279 1390 2352 Ciceroni,

341 2393 377 2442 ut
411 2383 450 2442 ad
485 2392 586 2463 partes
618 2383 750 2441 Caesaris
790 2385 953 2457 transiret,
988 2392 1017 2442 ct
1046 2385 1144 2449 omnis
1169 2387 1288 2462 generis
1313 2405 1390 2462 argu-

340 2497 443 2548 menta
478 2507 513 2546 eo
546 2487 673 2546 consilio
707 2487 877 2564 collegerat.
929 2489 994 2547 lam
1030 2490 1063 2547 in
1094 2490 1142 2548 his
1172 2491 1272 2549 verbis
1293 2510 1387 2550 novun

340 2591 447 2652 afferre
479 2599 693 2670 argumentum
728 2592 867 2668 videtur,
905 2603 940 2652 ut
974 2594 1077 2654 Cicero
1114 2605 1236 2666 caveat,
1266 2617 1304 2655 ne
1330 2615 1386 2655 cum

339 2695 454 2777 pudeat
489 2717 559 2756 eum
595 2706 714 2775 praeter
750 2717 833 2775 spem
870 2708 961 2776 atque
992 2699 1180 2758 voluntatem
1211 2701 1338 2781 Pompeii
1360 2701 1389 2758 ad

340 2802 472 2863 Caesaris
493 2812 594 2880 partes
617 2805 788 2874 transiisse,
813 2823 922 2882 parum
943 2803 1108 2882 diligenter
1128 2804 1222 2882 eligat
1246 2812 1385 2886 optimum.

338 2909 437 2968 Dictis
466 2908 623 2968 Coeliana:
657 2910 698 2968 od
725 2918 855 2989 optatum
880 2929 942 2966 esse
964 2930 1019 2988 pro
1050 2911 1120 2970 illa:
1153 2914 1262 2990 optatis
1281 2922 1307 2970 st
1325 2913 1386 2970 cotis

339 3013 471 3074 alicuius
500 3015 692 3094 respondere,
718 3025 816 3094 potest
846 3019 997 3075 contraria
1022 3016 1191 3076 locutione:
1213 3028 1328 3098 praetor
1350 3037 1385 3095 op-

339 3129 433 3201 tutum
461 3119 613 3194 occidero,
641 3140 694 3179 seu
717 3121 811 3180 simili
843 3121 915 3180 illa:
947 3123 982 3178 io
1012 3123 1120 3200 optatis
1149 3141 1229 3200 esec,
1247 3126 1308 3182 sive
1327 3123 1382 3180 hac:

338 3224 378 3284 cd
405 3235 505 3283 cotum
524 3225 655 3305 fortuna
675 3226 770 3307 fluit,
800 3226 958 3285 illustrari.
1262 3227 1382 3287 Bursour.

378 3331 607 3409 optimatem.
650 3330 750 3389 Unum
774 3351 810 3390 ex
837 3330 893 3402 iis,
924 3331 978 3408 qui
997 3349 1029 3390 se
1046 3318 1131 3390 credi
1144 3333 1254 3392 volunt
1276 3335 1384 3412 optimos

337 3436 419 3494 cives
457 3445 488 3494 et
523 3437 754 3514 praestantiores
793 3437 918 3508 ceteris,
960 3439 1014 3513 qui
1051 3438 1212 3518 populares
1244 3439 1383 3498 habentur.

333 3541 497 3604 Rarissime
512 3546 556 3603 ita
574 3543 649 3603 haec
670 3562 729 3601 vox
751 3544 783 3601 iu
805 3542 954 3620 singulari
975 3547 1118 3604 occurrit.
1238 3546 1383 3606 Onorroorr.

771 3741 966 3773 -ῠΟβ-ι

638 3900 860 3990 Erlsr.
914 3895 1097 3958 XXVI.
1161 3938 1164 3946 ·

371 4061 469 4126 Foede
499 4067 675 4145 depravata,
705 4076 735 4126 et
767 4064 950 4146 quibusdam
979 4066 1011 4123 in
1033 4065 1107 4123 locis
1128 4063 1193 4122 fere
1211 4063 1249 4122 ad
1267 4061 1378 4121 nibilum

332 4173 454 4232 redacta
482 4172 617 4250 epistola.
659 4172 716 4230 Ubi
748 4169 907 4228 manifesta
933 4170 1042 4228 lacuna
1067 4177 1129 4244 est,
1147 4173 1236 4248 posui
1256 4167 1378 4226 lineolam

332 4289 541 4337 transversam.
583 4279 688 4358 Neque
711 4287 812 4338 tamen
833 4277 960 4352 dubito,
979 4277 1053 4354 quin
1073 4255 1214 4354 pluribus
1233 4275 1302 4334 locis
1320 4290 1376 4330 nou·

331 4383 419 4444 nulla
437 4382 546 4444 desint.
866 4385 870 4392 '

167 4785 854 5180 aa.
