3012 5182
853 378 896 439 26

335 593 513 688 proiicitur
547 589 681 686 Appius
702 592 834 680 minor,
871 601 910 660 ut
932 589 1060 660 indicet
1082 587 1126 658 de
1147 589 1332 682 pecmria1,
1357 613 1397 660 ex

336 714 433 787 bunis
456 713 599 807 patriis²
627 713 816 807 pervenisse
839 711 882 782 ad
898 710 1109 797 Servilium,
1144 710 1397 804 praevaricatio

333 844 455 938 nisque
478 857 596 912 causa³
620 841 749 912 diceret
770 841 964 936 depositum
989 839 1186 909 HS.1.xxx1.
1211 835 1397 910 Admiraris

336 970 538 1040 amentiam:
573 970 677 1042 immo
710 973 737 1042 si
773 972 940 1042 actionem
965 968 1245 1062 stultissimasque
1271 968 1315 1038 de
1340 991 1396 1058 se,

336 1096 478 1168 nefarias
510 1097 554 1170 de
587 1101 705 1194 patriis
735 1099 980 1172 confessiones⁴
1005 1094 1181 1170 audisses?
1231 1094 1339 1168 Mittit
1361 1099 1396 1168 in

334 1228 514 1300 consilium
536 1228 670 1302 eosdem
692 1228 790 1318 illos,
814 1230 874 1324 qui
897 1226 974 1300 lites
996 1226 1233 1312 aestimarant,
1255 1224 1393 1298 iudices.

335 1355 450 1444 Quum
485 1380 596 1452 aequo
619 1380 761 1428 numero
789 1357 975 1428 sententiae
998 1353 1163 1444 fuissent,
1185 1353 1394 1444 Laterensis,

334 1483 425 1578 leges
457 1485 633 1578 ignorans,
667 1485 921 1580 pronuntiavit,
959 1483 1070 1580 quid⁵
1103 1482 1228 1576 singuli
1263 1482 1395 1554 ordines
1478 1471 1479 1564 ᾖ

336 1611 559 1681 iudicassent:
581 1613 680 1683 etad
702 1625 912 1701 extremum,
936 1622 975 1680 ut
997 1609 1123 1700 solent,
1145 1625 1394 1682 renunciatur

337 1735 372 1809 3.
397 1738 580 1836 Postquam
603 1741 754 1814 discessit
779 1753 814 1812 et
837 1765 901 1837 pro
919 1738 1075 1814 absoluto
1096 1736 1257 1810 Servilius
1278 1737 1393 1810 haberi

335 1878 476 1962 coeptus
508 1865 600 1968 [eat]
632 1869 808 1964 legisque⁷
840 1894 947 1940 unum
980 1882 1015 1940 et
1047 1868 1265 1939 centesimum
1292 1877 1394 1964 caput

334 1996 441 2094 legit,
475 1998 510 2068 in
544 2023 614 2094 qno
647 1999 695 2070 ita
728 2009 822 2070 erat:
859 2021 940 2082 ouon
973 2019 1079 2068 suurn
1113 2009 1273 2066 rumoris8
1297 2016 1395 2066 triton

335 2148 414 2196 rsus
438 2148 625 2216 rrnrcsnrr,
648 2149 693 2216 rn-
707 2149 758 2195 rvs
781 2143 976 2210 sumuntur
999 2147 1094 2196 rsro:
1123 2126 1159 2194 in
1182 2122 1317 2194 tabulas
1339 2123 1393 2196 ab·

337 2252 488 2324 solutum
536 2278 603 2326 non
652 2254 794 2345 retulit,
829 2255 987 2328 ordinum
1020 2254 1145 2326 iudicia
1181 2253 1393 2348 perscripsit:

337 2380 531 2475 postulante
566 2404 681 2452 rursus
715 2381 851 2478 Appio,
884 2406 962 2453 cum
984 2381 1024 2452 L.
1047 2379 1156 2502 Lollio¹
1176 2383 1337 2476 transegit
1359 2394 1393 2452 et
1479 2397 1480 2404 ’

372 2621 412 2689 (1)
422 2620 466 2673 Sic
474 2622 574 2688 scripsi.
582 2622 629 2673 cfr.
637 2623 754 2690 Bengelii
763 2626 866 2690 Appos.
876 2651 910 2663 -
918 2628 950 2673 ut
958 2625 1051 2690 inpicet
1057 2624 1222 2691 depecuniam
1232 2623 1292 2690 (sic)
1302 2622 1353 2673 ttd.
1362 2640 1394 2673 cv

334 2713 366 2760 ut
380 2710 485 2774 indicet,
498 2712 635 2777 pecuniam
648 2711 715 2763 Vict.
724 2713 750 2763 2.
759 2713 851 2763 Lamb.
860 2711 952 2764 Graes.
965 2713 1027 2764 Em.
1043 2712 1186 2765 Sem—ut
1193 2713 1304 2780 implicet
1314 2729 1395 2780 pecu

334 2802 407 2852 auam
417 2799 485 2851 Vict.
495 2801 519 2852 1.
527 2829 561 2842 -
575 2806 607 2851 ut
620 2803 732 2868 implicet
744 2802 774 2853 de
782 2804 896 2870 pecunia
904 2801 973 2854 Crat.
983 2807 1055 2852 -ut
1064 2803 1393 2870 impiedepecuniassened.

339 2890 379 2958 (2)
389 2889 433 2942 Sic
451 2891 550 2959 scripsi.
563 2919 598 2929 -
608 2894 698 2959 patris
712 2910 772 2944 cum
789 2893 840 2944 lid.
859 2891 925 2944 Cett.
943 2903 1042 2962 practer
1057 2892 1168 2957 Lamb.,
1187 2895 1233 2961 qui
1249 2895 1313 2945 vitio
1327 2903 1392 2944 recte

334 2980 528 3043 animadverso,
545 2982 690 3050 rescripsit:
702 3011 735 3022 -
738 2983 858 3050 palemis
868 3020 875 3044 ,
886 3000 938 3051 quo
951 2999 1016 3051 opus
1032 3000 1085 3033 non
1099 2993 1159 3033 erat.
1198 2983 1238 3051 (3)
1247 2999 1392 3034 -cuusam
1472 2975 1475 2982 Δ

333 3069 386 3122 ltd.
404 3069 473 3122 Orat.
490 3070 587 3120 Bened.
624 3070 665 3138 (4)
687 3070 731 3122 Sic
754 3074 854 3141 scripsi.
878 3071 1012 3124 Sententia
1029 3073 1181 3126 ultimorum
1196 3073 1260 3124 haec
1276 3083 1328 3124 est:
1348 3075 1390 3124 asi

335 3158 450 3212 audisses
462 3159 649 3222 confitentem,
674 3161 772 3212 nefarie
788 3180 816 3213 ac
832 3162 1008 3213 fraudulenter
1023 3180 1050 3213 sc
1065 3163 1140 3216 bonis
1157 3165 1246 3234 patriis
1261 3166 1388 3231 potitum,

334 3248 431 3300 nefarie
448 3250 480 3300 iis
498 3266 575 3300 usum
587 3266 643 3301 csse
659 3249 691 3300 ad
705 3250 799 3302 scelera
815 3252 984 3322 perpetranda
998 3270 1025 3303 ac
1040 3252 1163 3306 libidines
1180 3254 1394 3324 explendas.’'-

333 3341 356 3390 si
377 3340 504 3390 actionem
525 3339 695 3390 stultissimas
706 3343 754 3408 qui
769 3341 798 3392 de
813 3357 839 3391 se
854 3342 973 3407 nq‘arias
985 3343 1016 3394 de
1026 3347 1116 3412 patris
1131 3345 1192 3412 (sic)
1209 3346 1279 3410 conf.
1294 3345 1344 3396 ttd.
1361 3373 1392 3383 -

336 3431 504 3496 ductionem,
516 3429 735 3498 stultissimasque
743 3431 773 3482 de
781 3448 824 3496 se,
839 3431 993 3496 nefariasde
1001 3439 1081 3502 patre
1089 3437 1158 3502 cous.
1169 3436 1262 3488 Graes.
1272 3438 1393 3488 Luco.-

333 3523 357 3571 si
373 3522 517 3585 actionem,
534 3522 752 3587 stultissimasque
763 3521 793 3571 de
806 3537 832 3572 se
843 3559 850 3584 ‚
869 3521 1080 3596 nefariaspatris
1088 3526 1157 3591 confi
1167 3525 1265 3578 Bened.
1276 3526 1391 3578 Weiske.

335 3610 449 3682 Utrsque
473 3612 549 3664 lectio
561 3613 589 3666 iu
603 3629 634 3662 eo
649 3622 756 3680 pascat.
778 3612 848 3680 quod
862 3613 928 3682 patri
942 3615 990 3682 ipsi
1007 3615 1102 3668 scelere
1115 3626 1295 3686 apponuntur,
1313 3635 1392 3686 quum

335 3715 421 3754 sermo
436 3702 512 3754 unice
530 3703 563 3752 sit
575 3701 608 3754 de
620 3700 697 3753 bonis
709 3703 799 3774 patriis
812 3702 879 3754 male
896 3702 1032 3772 dissipatis.
1049 3708 1121 3757 —si
1137 3709 1250 3759 actiones
1267 3707 1391 3758 stultissi-
1424 3759 1427 3768 ,

335 3805 410 3854 mas,
436 3791 501 3858 quid
520 3793 543 3842 si
565 3793 684 3858 nefarias
700 3795 790 3861 patris
808 3793 876 3858 cuns.
897 3793 961 3848 Vici.
980 3798 992 3846 1
1009 3807 1034 3848 et
1052 3797 1076 3848 2.
1092 3797 1155 3848 Ero.
1169 3796 1231 3848 Sch.
1246 3799 1392 3866 -quidsi

334 3881 447 3932 antona
463 3883 558 3950 (cetera
579 3892 608 3933 ut
632 3881 700 3932 Vict.
716 3882 728 3931 1
746 3893 771 3932 et
787 3883 812 3932 2.
831 3883 894 3934 lirn.
911 3879 985 3953 sch.)
1002 3885 1094 3937 lamb.
1131 3887 1171 3954 (5)
1189 3886 1233 3940 Sic
1249 3889 1301 3940 ttd.
1326 3888 1390 3941 Crat.

334 3968 402 4020 Vict.
422 3970 436 4018 1
460 3981 486 4022 et
510 3971 537 4020 2.
555 3969 649 4024 Graes.
671 3999 705 4009 —
726 3973 798 4040 quod
813 3972 903 4024 Lamb.
921 3973 982 4026 Era.
1003 3975 1098 4026 Bened·
1116 3975 1178 4028 Sch.
1215 3978 1254 4046 (6)
1272 4009 1307 4018 -
1323 3985 1347 4030 et
1360 3979 1393 4030 ud

333 4061 478 4110 extremum
495 4061 659 4124 absolutum,
679 4064 736 4123 ait,
756 4063 870 4128 referam
886 4081 920 4117 cx
933 4064 1020 4116 Ursini
1039 4065 1088 4118 Gd.
1105 4067 1187 4118 Lucu.
1208 4068 1248 4137 (7)
1262 4097 1295 4107 -
1309 4074 1392 4120 coetus

335 4148 451 4216 legesque
465 4149 516 4200 lld.
535 4150 606 4201 Latet
622 4153 650 4200 in
664 4150 705 4202 his
721 4151 822 4220 aliquid
839 4155 961 4224 corrupti.
979 4159 1017 4204 est
1032 4155 1119 4208 addidi
1131 4176 1191 4208 cum
1201 4159 1290 4210 lamb.
1304 4161 1347 4227 (-
1354 4161 1390 4210 le-

331 4254 445 4306 gensque
469 4255 551 4290 unum
574 4244 599 4290 ei
622 4244 688 4290 cent.
702 4245 782 4308 caput
805 4243 868 4306 legis
886 4245 1000 4312 optimus
1022 4244 1143 4312 Graevii,
1165 4249 1230 4316 prob
1260 4249 1388 4318 Gracrio.)

335 4327 376 4406 (8)
387 4328 554 4380 -iudicium
571 4327 639 4382 Crat.
655 4329 746 4382 Lamb.
786 4331 825 4400 (9)
844 4339 981 4386 —ratum
999 4335 1066 4388 Crat.
1085 4339 1174 4389 Lamb.
