3012 5182
642 462 682 524 15

127 674 319 772 quaedam·
340 673 547 746 inciderunt.
622 669 696 742 ldea
744 692 847 763 porro
889 672 1049 742 oemitia¹
1088 697 1193 767 quem

126 812 290 874 eventurn
324 801 396 872 sint
428 799 607 889 habitura,
644 798 775 869 neseio:
805 798 999 892 opinionem
1026 803 1193 897 quidem,
1286 829 1289 836 ·

126 928 225 1024 quod
249 928 303 998 nd
340 927 495 996 Hirrum.
514 924 659 1014 attinet,
695 923 931 995 inoredibilem
956 926 1118 998 aedilium
1143 929 1193 1024 pl.

125 1057 278 1129 oouritiis
311 1068 410 1126 nauta
445 1064 538 1144 snut.
588 1053 673 1122 Nam
705 1051 751 1121 ll.
777 1051 929 1124 Caelium
957 1054 1192 1127 Viniciauurri¹

126 1185 260 1254 mentio
294 1183 355 1252 illa
390 1181 505 1270 latua,
540 1205 647 1277 quam
681 1181 905 1252 deriseramus
929 1183 1033 1274 olim,
1057 1197 1094 1254 et
1117 1209 1194 1280 pro

126 1311 293 1406 mulgatio
338 1310 383 1380 de
428 1312 596 1383 dictatore
635 1309 751 1381 subito
779 1309 913 1381 vdeiecit
949 1322 985 1380 et
1022 1311 1194 1386 deiectum

127 1463 251 1535 magno
297 1439 444 1525 elamore
481 1437 632 1508 insecuta
669 1448 731 1507 est.
782 1436 865 1506 lude
902 1437 1041 1508 Hirrum
1078 1444 1195 1511 euneli

127 1569 195 1638 iarn
227 1576 319 1638 nont
352 1563 544 1651 laciendum
575 1562 740 1658 flagitare.
784 1563 891 1660 Spero
921 1577 956 1635 te
981 1565 1136 1638 celeriter
1157 1581 1195 1639 et

126 1694 173 1765 de
206 1692 324 1784 nobis,
361 1692 457 1788 quod
490 1693 656 1787 sperasti,
687 1692 790 1763 etde
814 1691 896 1782 illo,
921 1692 1015 1787 quod
1040 1695 1095 1764 rix
1119 1719 1195 1792 spe-

126 1845 201 1892 rare
226 1819 409 1910 aususres,
434 1819 647 1892 auditurum.

175 1947 213 2018 ll.
264 1950 314 2020 Ile
349 1971 392 2019 ue·
421 1948 560 2044 publica
590 1949 658 2018 iarn
683 1948 761 2018 novi
786 1945 976 2040 quidquam
1001 1961 1195 2043 exspectare

124 2079 354 2149 desieramus:
378 2076 436 2164 sed
461 2101 568 2170 quum
591 2087 728 2146 senatus
751 2074 889 2146 habitus
914 2086 1000 2146 esset
1023 2075 1067 2147 ad
1092 2076 1194 2172 Apol-

126 2205 206 2275 linis
238 2227 270 2274 a.
305 2203 341 2272 d.
376 2226 422 2273 ur.
456 2201 599 2274 Kalend.
617 2187 728 2272 'Sext
764 2215 800 2272 et
836 2200 1021 2272 referretur
1053 2203 1098 2276 de
1131 2208 1194 2276 sti-

125 2332 255 2428 pendio
290 2331 351 2402 Gn.
389 2331 564 2425 Pompeii,
601 2331 728 2402 montio
763 2328 852 2401 faeta
887 2340 939 2400 est
974 2329 1019 2402 de
1060 2331 1195 2425 legione

124 2483 187 2552 ea,
222 2481 327 2556 quam
359 2481 541 2555 expensam
567 2459 649 2528 tulit
673 2458 712 2529 C.
738 2459 869 2530 Caesari
896 2458 1100 2553 Pompeius,
1123 2486 1195 2556 quo

126 2587 286 2662 numero
303 2600 414 2678 esset,
449 2611 522 2684 quo
547 2599 767 2685 appeteretur
777 2600 802 2658 ⁴.
852 2588 968 2677 Quum
992 2592 1208 2688 Pompeius:-

128 2741 235 2788 «esse
276 2719 312 2787 in
356 2716 524 2787 Gallia:’'
560 2728 697 2787 coaetus
732 2730 784 2787 est
822 2715 936 2789 dicere
969 2721 1194 2818 Pompeius⁵,

128 2869 199 2917 «se
221 2845 390 2939 legionem
413 2843 669 2936 abducturum,
694 2846 754 2916 sed
780 2870 848 2916 non
873 2849 988 2918 statim
1012 2850 1077 2920 sub
1101 2875 1194 2922 men·

125 2975 253 3046 tionem
287 2985 323 3044 et
358 2975 547 3044 convicium
579 2974 900 3052 obtrectatorum:‚'’
937 2974 1016 3047 inde
1050 2978 1195 3049 interro·

126 3111 224 3193 gatus
270 3096 383 3196 [oste]
427 3100 471 3171 de
506 3101 713 3173 successione
747 3101 785 3172 C,
823 3101 989 3173 Caesaris:
1025 3104 1069 3175 de
1102 3129 1193 3200 qua,

126 3229 191 3303 hoe
239 3240 313 3318 est,
352 3227 396 3302 de
432 3229 654 3324 provinciist,
696 3229 862 3324 placitum
901 3242 973 3323 est,
1012 3244 1052 3302 ut
1090 3259 1193 3330 quam

125 3357 302 3450 primurnl
335 3357 378 3427 ad
415 3355 536 3428 urbem
559 3368 787 3428 reverteretur
812 3356 874 3427 Gn.
910 3329 1115 3454 Pompeius,
1153 3376 1193 3431 ut

144 3547 349 3574 u-...W

171 3629 212 3696 (1)
228 3657 264 3668 -
280 3627 333 3678 del.
358 3628 467 3684 comatis
492 3627 583 3684 Lamb,
621 3628 661 3695 (2)
689 3653 725 3668 -ν
750 3628 919 3683 Vianianum
934 3628 985 3681 lid.
1003 3629 1086 3700 Neap.
1102 3632 1193 3703 Antiq.

125 3706 197 3768 ‘oras
221 3716 290 3768 vta.
313 3718 328 3768 1
352 3728 377 3768 e
397 3719 421 3767 2.
445 3717 537 3768 namt.
559 3719 606 3768 ee.
631 3719 730 3786 stripe.
746 3717 776 3767 n
790 3718 865 3768 nou
881 3719 960 3770 Aue.
975 3739 998 3771 0.
1013 3721 1055 3772 77.
1092 3724 1132 3791 (3)
1149 3724 1194 3776 sn

124 3804 194 3858 Vlot.
220 3807 247 3858 2.
274 3805 366 3858 Graes.
392 3807 452 3857 Rost
479 3807 550 3873 Spee.
577 3807 611 3870 2,
638 3825 665 3875 p.
688 3808 714 3857 8.
736 3836 770 3844 —
787 3808 874 3857 cuncti
889 3824 991 3859 ennon
1008 3810 1060 3860 Mt.
1079 3810 1144 3863 vict.
1167 3814 1192 3863 1.

122 3895 187 3946 Eru.
211 3924 247 3935 -
267 3898 358 3946 ermeli
378 3912 433 3946 non
456 3894 518 3946 sch.
537 3924 571 3934 —
594 3898 682 3945 cuncti
705 3898 760 3946 iem
777 3897 813 3946 ad
825 3913 878 3946 non
895 3896 987 3948 Lemb.
1002 3928 1038 3940 —
1055 3904 1143 3950 enneli
1158 3904 1193 3953 ed

122 4001 178 4034 non
201 3984 268 4036 ctd.
292 3985 356 4051 fleg.
383 3983 452 4037 Cret.
475 3985 540 4035 Lnll.
563 3985 659 4036 Bened.
700 3985 741 4052 (4)
766 4014 801 4026 -
825 4003 876 4053 quo
897 3987 1075 4052 appellaretur
1099 3989 1191 4043 Lemb.

126 4072 167 4139 (5)
187 4072 231 4124 Sic
247 4073 299 4123 llld.
314 4072 396 4141 Neap.
414 4073 512 4144 ἸΒοιιοά.
547 4074 630 4125 Facile
644 4091 791 4125 careremus
805 4075 924 4126 alteror.
941 4077 1101 4143 Pompeius,
1122 4082 1192 4148 quod

122 4162 221 4213 emittit
236 4161 318 4231 Neap.
336 4162 388 4214 Sed
404 4181 437 4214 ex
452 4164 535 4216 Caelii
553 4164 612 4215 stilo
628 4165 776 4231 signilleare
791 4164 906 4214 videtur:
930 4170 1192 4221 »eoactusestdieere

122 4251 179 4319 ipse
198 4250 243 4302 ille
259 4250 338 4302 horno
353 4253 515 4322 superbus.’‘
526 4272 651 4321 —quum
664 4272 694 4305 ee
707 4254 911 4306 Gallianates
927 4261 991 4307 esset
1009 4258 1059 4324 (etl
1074 4258 1140 4311 vict.
1150 4261 1188 4325 2.)

121 4339 205 4390 dicere
229 4342 376 4412 Pompeius}
391 4343 504 4395 violente
528 4343 564 4414 Ε.
592 4343 690 4398 Ceteri.
727 4343 767 4413 (6)
794 4345 891 4396 Addidi
916 4351 953 4396 est
974 4365 1034 4396 eum
1058 4347 1148 4397 Lemb.
1166 4353 1192 4396 el

121 4427 185 4479 seh.
212 4430 329 4496 (7)-v.
347 4433 441 4486 horest
450 4434 501 4499 ‚de
510 4451 555 4501 pr.
568 4434 864 4503 llrn.[].—‹lel.Soh.
891 4435 1066 4502 (8)-quum
1083 4438 1182 4486 vient.

119 4526 208 4568 eontra
225 4518 276 4570 lid.
