2978 5186
449 731 690 809 ‘errem
743 752 876 808 xxa

167 913 208 974 In
238 913 296 972 hoe
325 910 505 990 praecipuo,
537 918 567 968 et
592 908 657 967 fere
686 928 748 968 uno
779 919 959 987 argumento
977 921 1081 974 auctor
1101 915 1201 976 haete-

126 1037 190 1078 nus
225 1018 304 1077 bene
334 1022 471 1074 versatus
510 1021 570 1086 est,
609 1011 693 1091 quod
729 1032 866 1072 caussam
897 1016 1080 1078 iniuriarum
1110 1040 1202 1080 cona-

126 1132 243 1202 tusque
279 1121 370 1200 Appii
404 1119 514 1198 plene,
553 1117 677 1189 ordine,
716 1129 746 1176 et
777 1118 913 1179 dilucide
943 1124 1015 1180 satis
1046 1125 1201 1204 exposuit,

126 1235 163 1286 ut
196 1235 260 1285 tam
287 1225 506 1294 narrationem,
539 1242 631 1303 quam
667 1225 733 1280 eius
764 1223 905 1282 adversus
933 1224 1066 1305 Appium
1092 1229 1202 1307 agendi

124 1329 277 1390 rationem
316 1329 441 1408 laudare
476 1327 650 1388 debeamus.
699 1328 760 1387 Nec
797 1330 898 1388 nrinus
932 1332 1095 1409 prudentia
1127 1354 1202 1413 pro·

121 1435 240 1510 banda,
261 1435 343 1515 quod
361 1432 450 1492 valde
467 1431 638 1492 verosimile
658 1431 808 1509 reddidit,
829 1453 861 1494 se
882 1443 944 1494 tam
965 1439 1048 1516 turpi
1068 1438 1197 1498 erimine

121 1539 202 1622 (lege
225 1535 377 1619 Sauriam)
397 1559 452 1618 per
472 1539 657 1598 calumniam
680 1540 824 1597 accusari.
1072 1541 1198 1602 Wrrsre.

164 1641 196 1726 ς.
221 1643 247 1703 1.
289 1641 416 1701 Pudet
447 1663 501 1700 me
532 1642 612 1699 etti
643 1641 851 1721 confiteri.
900 1643 1025 1705 llelius:
1055 1647 1199 1726 supputet

121 1749 173 1808 rel
206 1767 301 1827 poene
332 1747 434 1826 pedet.
487 1747 531 1821 ls,
559 1759 652 1824 quem
687 1744 776 1824 plane
816 1758 846 1805 et
874 1767 945 1806 rere
968 1749 1083 1826 pudet,
1118 1760 1198 1812 tacet

122 1856 236 1933 potius.
766 1879 769 1884 ·
1067 1857 1193 1918 Wnsn.

162 1958 230 2038 pisi
259 1979 312 2016 me
344 1957 493 2033 odisse,
525 1959 621 2035 puin
653 1977 691 2016 m.
722 1977 760 2015 sn.
792 1957 819 2015 d.
856 1957 904 2028 A,
935 1960 1076 2038 coepit.
1120 1961 1194 2022 Con·

121 2065 252 2124 iunctim
290 2064 424 2142 positum
455 2061 551 2120 odisee
586 2063 682 2140 coepit
716 2061 828 2152 melius
855 2064 1036 2123 sententiam
1065 2066 1191 2126 claude·
1260 2053 1271 2066 ’

122 2177 178 2228 ret.
1064 2169 1191 2230 Wnrsxe.
1270 2205 1274 2216 ·

160 2284 202 2334 est
224 2295 264 2332 ea
294 2273 475 2332 solveret.
518 2269 670 2350 Beneficia
699 2271 808 2329 solvere
835 2289 890 2349 pro
914 2271 1033 2330 reddere
1045 2277 1193 2353 pecuniae

121 2379 267 2454 creditos,
285 2380 475 2438 inusitatum.
607 2425 611 2433 .
1065 2378 1192 2438 Wsrsm.

162 2483 245 2543 silai
270 2485 476 2563 imperare.
519 2481 669 2563 Imperare
686 2484 746 2550 sibi
766 2483 899 2558 dicitur,
918 2486 973 2563 qui
995 2483 1084 2544 aliter
1105 2505 1193 2563 agere

119 2592 162 2648 ita
182 2589 289 2650 solitus
308 2598 371 2664 est,
391 2597 426 2648 ut
445 2606 506 2648 non
524 2588 654 2647 libenter
674 2608 691 2646 a
712 2581 936 2646 consuetudine
955 2573 1102 2648 discedat.
1131 2589 1191 2669 Ap.

118 2696 189 2774 pius
213 2702 316 2754 autem
335 2712 460 2753 avarus:
490 2693 560 2752 ideo
577 2693 653 2767 sibi,
685 2702 719 2751 ut
739 2691 886 2750 beneficia
907 2691 1023 2764 solvat,
1042 2695 1191 2772 imperare

119 2818 180 2859 non
203 2808 311 2879 potest.
353 2797 401 2858 Sia
433 2800 554 2858 loeutus
585 2797 677 2878 Epist.
702 2797 731 2858 9.
757 2795 801 2875 [h.
832 2797 885 2856 Ed.
914 2796 977 2856 Vll.
1003 2797 1046 2876 3.]
1068 2795 1187 2878 Impera

118 2904 194 2963 tiln':
222 2903 276 2962 Aac
297 2922 379 2964 cara.
1081 2903 1184 2963 lirum.

155 3008 252 3066 male
272 3027 351 3066 eam
372 3008 412 3066 de
433 3028 485 3065 me
507 3009 700 3087 cogitare.
718 3006 1029 3066 Meliushaecabsint.
1058 2989 1184 3069 Wusne.

159 3113 432 3192 comperissem
453 3112 675 3194 collegium
697 3115 893 3170 tentasses
924 3110 1080 3189 Augures,
1109 3112 1186 3194 (orat

120 3219 202 3278 enim
229 3216 347 3297 Appius
378 3215 487 3298 augur)
507 3227 542 3276 ut
567 3217 687 3296 aliquid
716 3226 821 3276 eontra
839 3215 975 3276 Coelium
996 3216 1184 3277 molirentur.

116 3321 179 3380 Alii
206 3341 242 3380 ex
270 3323 460 3396 coniectura,
488 3340 597 3400 parum
618 3323 805 3397 necessaria,
823 3332 928 3380 eontra
947 3329 1063 3382 veteres
1082 3341 1186 3383 omnes

117 3425 210 3486 libros
227 3407 392 3504 legendum
408 3433 517 3504 putant
538 3424 697 3506 collegam,
712 3425 745 3483 id
765 3433 829 3496 est,
850 3425 988 3485 Pisonem
1010 3445 1179 3486 censorem:

115 3530 198 3609 quod
219 3529 277 3589 hoc
295 3539 429 3608 tempore
448 3547 606 3589 censuram
628 3529 751 3608 gerebat
767 3529 894 3608 Appius.
1079 3531 1182 3590 Manna.
1231 3599 1233 3606 Α

154 3669 218 3683 --
237 3669 299 3680 -
339 3634 531 3712 Legeudum,
554 3644 591 3693 ut
610 3634 687 3695 bene
713 3644 899 3694 monuerunt
928 3634 996 3708 alii,
1022 3635 1183 3716 collegam,

113 3742 264 3800 nimirum
291 3740 322 3798 L.
350 3741 507 3814 Pisonem,
536 3743 590 3818 qui
622 3741 655 3799 in
686 3760 812 3799 censura
842 3749 906 3800 erat
934 3741 1049 3818 collega
1081 3741 1181 3821 Appii.

112 3845 199 3906 llnuc
226 3847 284 3905 iste
307 3835 434 3906 tentavit
445 3891 454 3920 ,
468 3853 518 3905 'ut
536 3855 567 3905 et
588 3848 653 3924 ipse
672 3855 790 3904 notaret
810 3845 953 3904 Coelium.
996 3845 1072 3905 Nam
1090 3848 1181 3904 unius

111 3953 245 4012 censoris
268 3960 358 4027 nota,
382 3953 447 4010 sine
478 3948 603 4010 alterius
628 3949 762 4026 collegae
790 3967 930 4021 assensu,
948 3949 1121 4010 habebatur
1138 3953 1178 4008 ir·

109 4058 178 4117 rita.
215 4055 314 4134 lnepti
343 4065 430 4132 aaut,
461 4057 516 4136 qui
545 4054 583 4116 de
613 4055 742 4133 collegio
769 4073 920 4132 augurum
950 4055 1026 4114 haec
1059 4056 1178 4115 intelli-

108 4172 195 4239 gunt.
470 4149 474 4166 ‘
498 4167 503 4178 '
1032 4160 1175 4219 Garamas.

148 4299 211 4313 —-
235 4303 297 4316 --
338 4267 483 4329 Graevius
493 4266 625 4327 ‘volebat
646 4265 806 4346 collegam,
831 4284 871 4324 sc.
892 4265 923 4324 L.
946 4264 1083 4324 Pisonem
1105 4283 1179 4323 oen-

109 4369 217 4438 sorem.
259 4375 316 4436 Sed
335 4383 366 4437 et
382 4374 462 4435 illud
477 4382 611 4453 rectum,
631 4381 661 4434 et
678 4369 858 4450 exquisitius
877 4378 932 4430 est.
1054 4367 1179 4428 Ennesra.

1026 4501 1067 4562 13
