2978 5186
650 384 712 443 199

115 571 210 655 ‘dcent
243 595 463 657 cottnmiouetn.
505 585 704 651 Livius'xnt.
726 589 773 650 10.
819 590 902 670 Quod
925 607 992 648 oum
1011 593 1209 651 militcscon-

130 699 213 760 sniis
237 701 362 780 imperio
393 698 473 755 dicto
500 696 653 754 audientes
672 697 799 775 futuros
822 715 883 755 sese
910 695 1056 772 dicerent,
1085 717 1152 756 cum
1179 701 1223 756 is

129 822 213 864 more
243 807 405 876 maiorum,
428 801 588 859 secundum
617 811 684 859 eote
710 803 744 858 iu
772 799 919 880 Capitolio
935 813 1118 881 nuncupato,
1132 823 1208 882 'oum

131 911 311 982 lictoribus,
338 906 501 989 paludatus
514 907 671 986 profectus
689 907 727 964 ob
747 905 818 964 urbs
839 916 922 965 csset.
963 906 1080 964 Plinius
1100 908 1206 968 XVIII.

128 1014 185 1075 23.
230 1013 315 1097 Quod
332 1013 458 1071 ctione
477 1029 590 1089 quoque
609 1029 711 1068 curum
727 1011 960 1068 determinemus.
1104 1011 1205 1071 Ilisos.

179 1118 269 1177 IVom
297 1117 395 1176 mitri
420 1116 799 1180 comiteminibueu
819 1116 895 1174 odi.
937 1114 1034 1174 Aliter
1054 1117 1205 1194 quaedam

126 1223 204 1283 libri
242 1221 388 1281 efferunt.
440 1220 541 1278 Primo
581 1239 643 1278 non
684 1219 823 1278 scribunt
853 1220 1046 1283 necessitudo,
1065 1231 1125 1292 est,
1152 1223 1207 1282 sed

127 1326 351 1386 necessitudine
363 1349 376 1397 ,·
403 1342 465 1383 non
498 1324 612 1383 hebent
639 1333 702 1382 tum
731 1342 871 1398 ccuscm,
900 1323 953 1382 sed
969 1343 1036 1381 cum
1057 1345 1179 1384 consum
1190 1349 1204 1398 ;

126 1451 233 1511 neque
272 1421 402 1488 efferunt
442 1444 502 1485 nou
532 1428 664 1486 homines
693 1428 762 1500 odi,
793 1428 846 1487 sed
875 1428 951 1494 unde
978 1428 1110 1487 iornines
1140 1432 1204 1492 odi.

129 1537 237 1616 Neque
266 1535 419 1613 triplicem
445 1527 530 1592 illem
562 1533 702 1591 lectionis
721 1535 898 1592 varietatene
919 1531 1115 1594 reficiendam
1135 1553 1203 1596 cen·

128 1659 191 1701 seo.
233 1640 319 1715 Quod
349 1640 431 1697 enim
459 1639 621 1698 lectionem
639 1639 715 1696 miii
734 1637 985 1696 cnmhominibus
1007 1649 1035 1696 et
1052 1643 1155 1722 gratio
1175 1652 1203 1700 et

127 1744 501 1817 moissiacensibus,
529 1743 649 1820 Coelius
670 1743 821 1802 eiusmodi
842 1741 983 1802 ebIntIvis
1004 1745 1070 1805 sine
1088 1746 1202 1806 ndditn·

125 1858 232 1910 mento
263 1849 370 1928 positis
399 1843 545 1906 delectori
574 1847 709 1906 videtur.
750 1846 870 1905 Praeter
899 1845 959 1906 ine
987 1847 1053 1908 Iocn
1081 1859 1202 1910 tentum

125 1957 204 2016 boec
235 1973 332 2034 pauca
363 1953 503 2011 efferam:
533 1951 585 2030 Ep.
613 1949 671 2010 XV.
703 1949 731 2032 5
761 1950 791 2009 2.
820 1950 862 2029 [b.
882 1951 934 2010 Ed.
957 1952 1061 2012 XXIII.
1085 1955 1125 2034 1.]
1148 1958 1202 2034 qui

126 2061 300 2120 ditissimis
336 2069 365 2116 st
397 2057 620 2138 frigidissimis
656 2056 747 2132 Iocis,
776 2057 925 2112 teterrimo
952 2057 1077 2132 bieme,¹
1093 2058 1201 2117 bellurn

128 2165 306 2224 ambulando
337 2164 537 2241 confecerunt.
562 2159 615 2238 sp.
644 2160 717 2219 XVI.
748 2158 778 2240 5.
804 2159 833 2218 6.
866 2159 909 2238 [h.
942 2160 996 2220 lid.
1026 2162 1124 2221 XXIV.
1156 2164 1199 2244 4.]

126 2287 209 2328 nunc
235 2279 262 2326 te
291 2277 393 2326 contro
423 2268 565 2324 rictorem
587 2264 712 2344 jecere,
745 2283 830 2343 quent
861 2264 962 2323 dubiis
979 2267 1066 2324 rebus
1085 2268 1198 2326 loedere

124 2374 261 2434 noluisti.
287 2374 339 2452 Ep.
366 2372 399 2431 X.
426 2370 456 2452 5
487 2369 516 2430 9.
548 2369 603 2458 [b.x
623 2369 677 2430 Ed.
701 2369 750 2428 XI.
773 2371 814 2450 5.]
857 2369 950 2429 Novis
970 2375 1198 2454 magistratibus

128 2489 240 2552 nutem,
271 2479 300 2536 st'
328 2475 505 2536 Parthicum
536 2476 643 2534 bellum
674 2477 739 2535 erit.
762 2475 816 2554 Ep.
844 2475 923 2534 Vltl.
951 2477 1057 2558 512.
1081 2478 1123 2556 [h.
1145 2480 1197 2539 Ed.

123 2586 203 2646 VIII.
243 2583 286 2664 4.]
324 2583 443 2640 omnino
480 2579 582 2640 multis
614 2581 736 2656 diebus,
761 2585 978 2664 suspectatione
1010 2583 1196 2657 Galliarum,

124 2700 225 2750 cotum
251 2687 332 2747 nihii
364 2698 415 2745 est.
457 2687 570 2748 Eodem
598 2687 687 2746 modo
720 2689 752 2744 in
777 2686 829 2764 Ep.
853 2685 933 2746 XIII.
964 2685 995 2768 5.
1022 2686 1051 2747 2.
1075 2688 1118 2766 [b.
1142 2689 1195 2748 Ed.

123 2796 229 2857 XVIII.
258 2793 301 2874 2.]
330 2793 479 2852 libroruin
507 2810 657 2852 consensu
688 2789 906 2849 emendabant:
950 2791 1027 2851 Nom
1055 2805 1122 2850 cuin
1150 2796 1213 2852 ina-

124 2902 300 2960 tercessioue
330 2877 496 2976 referretur.
538 2898 573 2956 Et
603 2899 635 2956 in
665 2905 786 2955 nostrae
803 2896 954 2973 Epistolae
972 2895 1002 2977 5.
1023 2897 1052 2956 4.
1076 2897 1119 2975 [b.
1142 2899 1209 2976 Ed.¹

122 3007 152 3089 5.
178 3007 202 3065 1.
218 3006 263 3086 s.]
284 3004 364 3083 quod
378 3003 529 3061 iudicium
548 3021 608 3060 non
630 3003 846 3080 exspectatione
864 3002 941 3058 inest
955 3004 1045 3070 etiem
1066 3004 1099 3060 in
1118 2979 1200 3060 boun·

119 3132 181 3191 epe.
223 3112 329 3188 ltaque
358 3127 421 3166 non
452 3107 659 3166 dubitaverim
688 3107 823 3184 recipere
855 3106 936 3165 illud
966 3108 1191 3166 necessitudine.

118 3217 213 3276 Porro
240 3213 332 3272 verbs
359 3212 436 3270 unde
459 3211 591 3270 homines
622 3211 691 3286 odi,
724 3229 802 3290 quse
828 3210 898 3268 libri
920 3213 1025 3290 scripti
1048 3221 1193 3285 tuentur,
1256 3207 1259 3218 ’

123 3323 151 3380 si
180 3319 449 3396 interrogationem
475 3317 654 3391 involvunt,
680 3335 790 3395 quam,
820 3325 856 3374 ut
883 3331 971 3394 saepe
991 3315 1082 3389 eliso,
1101 3332 1214 3392 neges-

121 3427 169 3484 tio
204 3425 326 3503 proprie
364 3423 450 3502 sequi
486 3421 639 3510 deheres.
662 3423 752 3480 etiam
793 3422 907 3498 optime
936 3421 1036 3478 Iocum
1070 3420 1210 3479 habent..

119 3531 234 3590 bIntste
264 3530 359 3607 igi-tur
390 3529 480 3587 lectio
512 3527 605 3586 huius
636 3526 696 3584 loci
726 3527 803 3584 erit:
845 3523 922 3582 Nom
949 3526 1026 3583 milti
1053 3543 1121 3583 cnm
1139 3526 1188 3584 Ito·

119 3635 255 3694 minibus
284 3635 340 3693 tte
360 3642 389 3690 et
413 3634 516 3712 grotic
543 3641 571 3688 et
592 3631 809 3691 necessitudine
818 3653 832 3701 ‚·
855 3649 922 3686 cum
940 3646 1061 3687 oensem
1087 3629 1189 3700 illone,

119 3741 200 3800 unde
220 3741 351 3798 hoenines
369 3737 457 3804 ecit·
1048 3733 1189 3794 Bsnnntcr.
1257 3724 1259 3730 ’

163 3845 193 3928 5.
214 3846 243 3905 3.
297 3844 408 3902 Illud
447 3853 481 3900 ts
519 3862 594 3900 non
636 3841 815 3900 arbitror
848 3841 1002 3919 fugere.
1066 3839 1186 3918 latente!

119 3952 210 4032 qussi
250 3949 430 4009 historicum
469 3951 518 4006 sit.
567 3947 672 4007 Melius
712 3955 793 4004 certe
827 3945 940 4004 dixeris
969 3943 1105 4001 dubitare
1135 3965 1189 4022 pru
1284 3938 1286 3942 ’

111 4057 233 4137 sugere.
274 4056 316 4121 IIe
345 4076 378 4114 re
407 4059 471 4136 ipsc
501 4077 562 4116 non
580 4057 713 4116 multum
733 4057 842 4114 attinet
863 4050 1027 4132 diipntnre.
1067 4054 1189 4113 'I‘enserc

120 4171 224 4219 tomen
253 4161 310 4219 icta
331 4161 474 4220 effudisse
492 4169 599 4222 enetos
621 4162 753 4223 videtur.
794 4159 896 4220 Potuit
916 4157 970 4218 ille
988 4158 1114 4237 quidem
1133 4173 1189 4238 pro

119 4283 175 4323 snn
207 4267 356 4324 sententie
382 4267 440 4325 hoc
467 4266 591 4342 afferre,
615 4268 641 4325 si
672 4267 750 4325 bene
768 4265 957 4343 exploratum
977 4265 1190 4337 hebens‚ntra
1222 4299 1226 4306 -

117 4387 199 4462 pers¹
218 4369 335 4430 firmior
359 4373 414 4443 sit,
442 4372 555 4432 frustra
574 4382 603 4432 te
622 4373 657 4431 nd
678 4372 882 4432 hostestiorem
900 4379 1018 4450 partem
1038 4372 1090 4429 ire.
1133 4371 1189 4430 Sed
