2978 5186
823 393 883 454 152

329 625 406 686 quae
422 606 565 667 Codicum
582 605 786 684 plurImorutu
802 601 982 662 auctoritate
993 599 1162 673 stabilitur,
1174 599 1322 677 originem
1332 607 1393 660 tra·

329 713 419 772 uerit.
462 709 572 770 llnltae
582 710 662 768 enim
674 708 760 766 illius
778 706 852 767 libri
871 704 941 764 Vlll
958 705 1102 783 epistolae
1117 711 1205 764 antea
1219 705 1393 782 promiscuo

331 816 410 874 inter
435 812 594 892 epistolas,
623 831 702 892 quse
731 829 813 871 nuno
832 810 905 870 libri
923 813 995 869 noni
1010 821 1099 884 sunt,
1117 808 1296 885 legebantur
1317 819 1347 870 et
1373 829 1390 870 a
1461 875 1462 878 Ἴ

334 918 492 978 (lodicibus
508 917 690 998 quibusdam
707 917 812 976 eodem
828 916 893 975 locu
909 925 1041 975 retentae
1061 923 1147 986 sunt,
1171 915 1312 993 quamvis
1331 916 1392 974 alio

335 1023 445 1082 deinde
464 1023 590 1083 oonsilio
606 1033 636 1082 ct
652 1041 730 1087 utino
745 1021 850 1080 ordine
872 1030 970 1080 essent
984 1020 1126 1098 digestae.
1147 1019 1183 1080 Iu
1199 1020 1305 1080 Iudico
1321 1021 1394 1080 nel

333 1129 471 1208 quidem,
491 1130 545 1210 qui
563 1128 768 1207 praemittitur
785 1126 864 1186 libro
882 1125 937 1197 IX,
964 1125 1087 1184 illarum
1108 1133 1176 1184 octo
1196 1125 1392 1204 epistolarum

278 1231 282 1240 '
334 1233 495 1293 libril'lll
511 1233 597 1292 nulla
617 1221 731 1292 mentio
751 1241 795 1290 est
812 1232 939 1305 iniecta,
960 1230 1033 1308 quia
1046 1229 1100 1289 illc
1120 1228 1301 1290 Indexolim
1310 1231 1393 1291 baud

334 1339 427 1398 dubio
452 1337 606 1398 coniectus
633 1346 714 1412 erat,
744 1355 815 1396 cum
842 1354 938 1396 nurus
957 1335 1044 1414 isque
1063 1335 1176 1396 certior
1195 1336 1389 1414 epistolarum

333 1443 407 1502 ordo
422 1443 480 1502 iam
492 1441 675 1502 constitutus
694 1450 779 1500 essct.
820 1440 857 1499 In
878 1441 943 1517 ipso
965 1448 1065 1498 autem
1087 1440 1284 1518 epistolarum
1307 1451 1388 1500 textu

332 1546 418 1605 illins
445 1547 576 1625 duplicIs
604 1545 718 1606 ordinis
738 1555 829 1624 atquc
847 1545 1035 1604 collectionis
1058 1546 1183 1631 uestigia
1201 1547 1340 1625 inprimis
1354 1566 1389 1606 eo
1463 1601 1464 1616 ,

332 1651 618 1731 deprehenduntur,
642 1650 726 1730 quod
755 1651 847 1710 rerba
868 1650 976 1708 ultima
995 1652 1088 1727 epist‘
1101 1650 1149 1708 XV
1171 1650 1243 1710 libri
1259 1651 1320 1709 IX:
1338 1659 1387 1710 ost

333 1759 380 1814 ἐπ’
396 1767 469 1814 tecto
499 1758 591 1832 citii,
618 1765 711 1814 cetero
725 1755 812 1812 ‘mitt
825 1754 1030 1832 probabuntur
1047 1787 1086 1800 -
1105 1755 1195 1812 etiaru
1215 1757 1247 1812 in
1268 1755 1391 1833 epistola

335 1862 375 1921 lx
402 1862 474 1920 libri
499 1863 589 1936 Vlll,
618 1862 668 1919 ubi
698 1861 808 1920 desinit
825 1859 878 1917 ills
896 1859 1051 1930 confusio,
1072 1859 1199 1936 repetita
1218 1867 1307 1933 sunt,
1326 1877 1393 1918 cnm

335 1978 421 2026 anteo
450 1967 489 2026 ab
517 1967 563 2024 ln's
593 1966 693 2024 verbis
720 1967 865 2043 inciperet
894 1983 963 2042 pars
990 1963 1082 2022 alteru
1105 1963 1248 2041 epistolae
1272 1963 1390 2022 111iurt
1464 1999 1465 2024 1

336 2069 405 2129 VIII
416 2090 485 2130 curn
497 2070 709 2148 sequentibus,
728 2080 757 2129 et
768 2068 849 2150 quod
861 2078 889 2126 et
905 2070 965 2134 ianr
978 2071 1010 2127 iu
1021 2069 1109 2128 libris
1119 2067 1325 2147 quibusdam,
1343 2068 1392 2147 qui

336 2175 404 2234 illas
434 2186 501 2234 octo
527 2175 667 2252 epistolas
695 2195 755 2234 non
784 2193 839 2233 suo
855 2174 921 2232 loco
942 2184 1121 2250 posuerant,
1150 2182 1252 2232 tamen
1270 2172 1390 2234 eaedem

337 2297 458 2356 quoqne
475 2289 541 2356 post
561 2280 646 2356 epist.
666 2279 713 2336 XV
736 2279 806 2336 libri
827 2279 865 2336 llI
884 2281 1010 2337 ornissae
1025 2293 1119 2338 sunt..

378 2382 440 2440 Una
454 2392 554 2442 autem
575 2383 742 2442 obscuritas
760 2383 834 2440 mihi
851 2383 950 2442 adlrnc
967 2383 1084 2463 reliqua
1102 2391 1163 2457 cst,
1181 2403 1243 2462 qua
1258 2384 1389 2463 quaestio

230 2521 231 2532 κ
338 2483 392 2542 illa
417 2501 477 2542 non
505 2476 595 2541 fa‘cile
622 2484 811 2554 dissolvitur,
833 2482 983 2562 qironrodc
1004 2486 1070 2544 ficri
1089 2488 1236 2564 potuerit,
1263 2496 1299 2545 ut
1319 2487 1387 2544 hacc

340 2589 455 2647 ordinis
479 2589 615 2648 confusio
644 2593 677 2648 in
698 2590 793 2648 irredia
810 2592 894 2668 epist.
915 2591 942 2649 ll
958 2601 987 2649 et
1004 2592 1034 2649 in
1052 2593 1149 2650 inedie
1166 2592 1252 2669 epist.
1268 2592 1308 2652 lx
1322 2591 1388 2650 libri

339 2692 408 2752 VIII
431 2694 596 2772 inciperet,
624 2714 722 2774 neque
748 2696 849 2753 statim
870 2695 927 2753 sub
947 2697 1069 2755 initium
1088 2705 1139 2756 arnt
1159 2695 1252 2754 finem
1273 2695 1387 2754 illarum

339 2797 532 2876 epistolarum
550 2801 712 2877 conspicua
729 2800 826 2858 essct?
848 2800 980 2858 Primum
996 2801 1119 2879 quidem
1134 2799 1300 2861 verisimile
1317 2798 1386 2856 mibi

333 2903 474 2977 ridetur,
500 2923 517 2962 a
540 2905 639 2962 verbis
665 2905 751 2982 epist.
780 2904 819 2963 lx
844 2905 915 2984 libri
941 2906 1020 2982 VIII.
1044 2904 1072 2987 ᾗ.
1092 2907 1145 2966 11:
1163 2906 1202 2968 M.
1221 2905 1386 2978 Feridr'sm,

341 3009 466 3086 equitem
498 3007 680 3083 Romanum,
718 3009 809 3067 amici
840 3011 899 3068 osci
913 3009 1017 3089 fllium
1047 3020 1102 3070 etc.
1125 3029 1233 3072 novant
1258 3009 1386 3070 inchoari

341 3112 514 3189 epistolant,
538 3133 615 3192 quae
634 3114 723 3192 plane
743 3113 860 3173 diversa
891 3119 930 3172 sit
950 3115 987 3173 ab
1009 3115 1080 3189 illa,
1108 3135 1186 3196 quae
1206 3135 1289 3174 nuuc
1308 3116 1385 3193 epist

340 3215 380 3273 lx
395 3215 466 3275 libri
484 3216 553 3276 VIII
570 3205 761 3300 babetur.'(l)
801 3220 884 3279 Sicut
898 3199 1019 3296 antem,
1039 3221 1120 3300 quod
1138 3220 1226 3280 ruodo
1245 3219 1385 3292 vidimus,

347 3325 551 3338 Μ

383 3377 421 3446 (1)
466 3371 621 3446 Argumenta
651 3383 738 3450 paucis
766 3381 902 3448 colligam,
936 3383 1031 3450 quibus
1061 3383 1125 3434 huec
1146 3385 1271 3435 sententia
1293 3382 1387 3436 stabiliri

341 3466 441 3518 ridetur
472 3468 518 3535 (its
549 3472 635 3520 scribit
660 3471 790 3522 BonedIct.
823 3473 853 3522 ad
870 3472 899 3522 L.
925 3472 992 3522 VIII.
1015 3473 1063 3543 np.
1087 3473 1112 3523 9.
1136 3475 1163 3540 ᾗ.
1181 3473 1254 3540 11.);
1285 3473 1388 3524 Primum

296 3617 300 3628 ,
338 3557 415 3624 idque
438 3557 615 3624 presissimurn
640 3577 693 3610 csse
719 3572 797 3627 puto,
820 3563 891 3625 quod
908 3563 954 3612 illa
976 3563 1075 3613 ordinis
1098 3564 1235 3614 literarum
1262 3565 1386 3629 consumit,

340 3664 405 3715 quac
428 3649 455 3697 iu
478 3647 525 3698 hoc
548 3649 614 3698 libro
641 3661 745 3717 regnat,
779 3655 803 3700 et
823 3653 912 3718 iocipr't
934 3657 958 3703 et
979 3655 1071 3704 desinr't
1091 3657 1119 3704 r'n
1139 3655 1179 3704 bit
1203 3655 1295 3705 verbis.
1332 3653 1388 3702 Nam

287 3749 289 3758 ’
339 3735 416 3786 verbu
440 3737 521 3804 prims
545 3737 665 3804 epIstolae
688 3739 711 3788 ll
735 3749 760 3788 et
782 3739 825 3789 ills
845 3757 877 3790 ex
899 3742 1003 3804 medis,
1029 3761 1094 3810 quse
1124 3742 1270 3806 antecedit,
1293 3740 1386 3812 pcrIodu

340 3823 461 3892 epistolae
482 3824 518 3875 IX
534 3824 649 3876 desumto
666 3827 697 3878 ab
713 3826 823 3878 librariis
839 3840 938 3880 tentum
955 3834 1091 3900 praemisse
1108 3843 1188 3896 sunt,
1210 3845 1239 3884 ut
1256 3834 1319 3884 mihi
1333 3831 1388 3900 qni-

341 3914 401 3964 dem
416 3914 535 3977 ridetur,
552 3924 579 3964 ut
595 3916 628 3966 ita
642 3915 704 3966 haec
724 3917 819 3969 ordiuis
830 3921 935 3969 varietus
949 3932 973 3970 et
989 3921 1086 3988 duplex
1099 3921 1186 3986 locus,
1206 3940 1258 3990 quc
1273 3922 1322 3990 legi
1336 3919 1389 3971 solet

341 4003 404 4052 haec
426 4002 549 4070 epistola,
573 4004 742 4070 indiceretur,
767 4009 827 4075 quia
849 4007 892 4058 ulli
916 4019 970 4078 post
987 4011 1096 4078 primam
1113 4011 1171 4061 libri
1189 4011 1268 4076 VIII,
1291 4013 1331 4063 ulii
1344 4019 1389 4080 post

340 4108 433 4141 nonam
449 4091 564 4141 eiusdem
578 4091 637 4144 libri
654 4094 719 4146 hunc
733 4097 886 4147 collocarunt
902 4101 1043 4167 epistolam.
1078 4101 1131 4152 IIuc
1147 4102 1270 4152 accedunt
1286 4102 1331 4153 ulis
1347 4101 1389 4148 duo

340 4190 489 4248 argumente
503 4198 555 4230 nou
573 4185 678 4234 midos-is
695 4186 725 4234 ad
738 4185 896 4254 probandam
911 4189 975 4239 hunc
990 4193 1142 4242 sententium
1155 4194 1289 4242 momenti.
1315 4189 1391 4242 Verba

334 4270 480 4332 nimitum,
505 4285 572 4334 quae
597 4274 764 4336 antecedunt,
794 4274 823 4324 de
836 4277 971 4340 pantheris
986 4295 999 4328 e
1016 4280 1106 4330 Cilicia
1120 4283 1233 4331 Romam
1253 4278 1390 4336 mittendim

335 4361 369 4430 'in
390 4359 447 4410 ullis
466 4375 519 4410 non
532 4358 615 4410 solum
630 4357 712 4413 coelii
730 4363 844 4430 epistolis
858 4367 951 4416 iteruin
968 4370 1114 4438 iterumque
1129 4374 1233 4439 repetitu
1250 4377 1390 4426 occurrussls

338 4447 381 4501 sed
396 4451 424 4500 in
434 4451 490 4518 fine
506 4451 672 4516 epistolarum
683 4451 853 4522 sere-semper
867 4460 928 4507 mot
940 4459 1036 4523 posita.
1061 4459 1109 4510 Ut:
1126 4461 1237 4530 ‘epistola
1254 4461 1286 4513 lt.
1303 4458 1346 4510 IV.
1361 4453 1389 4501 V·
