2978 5186
837 361 898 420 144

336 573 542 655 splendidam,
572 579 602 630 et
620 571 781 648 grandem,
802 579 832 628 et
853 569 999 640 facetam,
1021 577 1050 626 et
1070 567 1273 647 perurbanam
1293 572 1391 629 oratio·
1421 625 1422 630 ,

333 699 404 738 nem
424 678 472 736 illi
487 676 605 736 tribuit.
646 675 703 734 Sed
723 684 829 734 auctor
848 673 961 750 dialogi
982 672 1021 731 de
1039 673 1226 746 oratoribus,
1242 671 1320 755 (cap.
1337 674 1390 756 25.)
1465 667 1466 742 l

333 785 510 844 amariorem
537 781 658 860 putavit
687 767 823 838 Coelium
848 796 911 836 esse
938 779 1046 836 ceteris
1074 780 1263 852 oratoribus,
1292 781 1389 858 quiet

332 887 485 968 prioribus
516 894 545 945 et
579 884 775 964 sequentihus
811 891 1044 961 anteponuntur.
1093 882 1191 955 Alibi,
1230 883 1307 966 (cap.
1337 883 1389 966 21.)
1465 892 1466 930 l

334 991 429 1074 Quid,
447 993 565 1070 inquit,
583 1009 619 1047 cn
641 986 790 1046 Coeliom‘s
809 985 1015 1046 orationihus?
1034 987 1206 1066 stampense
1218 987 1342 1067 placent
1359 991 1389 1046 si-

330 1117 365 1155 ce
391 1098 425 1155 in
446 1096 585 1154 aniverso
597 1102 683 1174 porte
697 1093 819 1172 factum
839 1094 875 1149 in
891 1091 998 1170 qnilns
1016 1093 1142 1151 nitorem
1160 1103 1188 1151 ct
1208 1093 1387 1152 altitudinem

330 1201 433 1259 lorum
469 1209 628 1277 temporum
661 1198 857 1277 agnoscimus.
907 1193 1016 1255 Sordes
1043 1206 1141 1255 annm
1170 1199 1340 1273 verborum,
1365 1207 1386 1257 et

331 1307 417 1366 lions
449 1304 621 1382 compositio
651 1311 679 1360 et
709 1303 859 1360 inconditi
887 1309 991 1362 sensns
1021 1303 1150 1361 redolent
1177 1305 1384 1382 antiquitatem.

301 1471 307 1484 ,
330 1409 390 1469 Nec
426 1429 600 1490 quemqnam
627 1407 698 1468 odeo
728 1407 933 1485 antiquarium
959 1417 1048 1486 puto,
1077 1416 1110 1464 nt
1139 1405 1270 1465 Coelium
1298 1428 1333 1465 en
1359 1429 1385 1466 sn

324 1525 411 1595 purte
441 1514 556 1590 landet,
580 1532 639 1592 qno
665 1513 807 1590 antiquus
830 1521 880 1570 est.
923 1511 1029 1570 Utrum
1048 1519 1179 1589 praestet
1198 1521 1306 1591 suapte
1324 1533 1384 1592 pru·

329 1622 432 1681 dentis
461 1621 591 1699 quisque
618 1616 739 1675 viderit.
787 1615 942 1676 Eiusmodi
970 1624 1052 1674 certe
1080 1614 1162 1673 nihil
1191 1617 1226 1674 in
1253 1615 1384 1694 Epistolis

329 1729 495 1804 Coelianis,
520 1745 598 1806 quas
628 1732 810 1802 supersunt,
842 1723 969 1802 reperiri
999 1739 1159 1800 persuasus
1187 1740 1273 1780 sum:
1295 1743 1383 1803 nsque

328 1834 424 1892 amori
444 1833 625 1910 cuiusquam
646 1828 805 1905 indulgere
825 1827 899 1887 adeo
930 1823 1036 1886 solitas
1056 1835 1101 1885 est
1117 1825 1237 1900 Cicerd,
1261 1838 1295 1887 ut
1312 1837 1381 1888 recte

327 1939 451 2017 genium
471 1935 614 1995 orationis
635 1934 731 2012 ipsius
749 1932 873 1991 desierit
891 1932 1042 1992 iudicare:
1063 1933 1152 2004 ouius
1171 1931 1265 1992 iudex
1286 1936 1381 1994 sceui·

327 2061 395 2142 mup
414 2059 532 2120 semper
553 2049 583 2100 et
604 2039 720 2118 ubique
738 2037 808 2096 fuit.

655 2187 739 2260 Ιιιιιι,
761 2185 879 2245 Ibidem
900 2207 930 2265 p.
952 2185 1001 2247 99.
1021 2185 1065 2266 ιι.)
1099 2251 1101 2260 ,

367 2338 457 2419 Liher
484 2345 608 2396 octavus
633 2355 696 2395 non
723 2336 891 2414 Ciceronis,
920 2336 972 2396 sed
992 2336 1027 2395 ll.
1049 2335 1142 2395 Coelii
1160 2334 1231 2394 Rufi
1251 2333 1378 2415 epistolas

327 2442 556 2522 complectitur,
573 2458 644 2500 cum
661 2440 863 2500 Ciceronianis
882 2440 1007 2521 quidem
1022 2441 1139 2499 ratione
1152 2441 1217 2500 stili
1235 2462 1296 2501 non
1309 2461 1377 2500 corn·

325 2546 488 2629 parandas,
510 2544 562 2604 sed
584 2555 683 2604 tamen
704 2565 781 2624 quae
802 2546 834 2603 iu
853 2565 888 2605 eo
907 2544 1077 2604 laudandae
1095 2556 1181 2618 suut,
1200 2546 1283 2625 quod
1300 2564 1376 2624 pras-

326 2654 431 2712 sertim
450 2649 489 2710 ad
508 2650 666 2709 historiam
685 2648 818 2721 faciant,
841 2659 877 2708 ut
892 2651 924 2707 iu
945 2652 1051 2728 primis
1070 2657 1114 2710 est
1133 2650 1261 2729 epistola
1271 2651 1374 2710 decima

325 2766 417 2818 sexta.

388 2887 507 2948 Correus
526 2885 700 2956 Μιιιιιιιιοιι,
719 2881 764 2939 ιΙιε
782 2880 853 2960 Life
875 2882 910 2961 ⁰s
924 2880 1041 2941 Morcus
1060 2881 1173 2942 llellins
1195 2880 1311 2953 Cicero,

470 2992 546 3050 Sect.
560 2989 624 3048 Vll.
645 2985 722 3069 (Vol.
739 2985 768 3046 2.
790 3006 820 3064 p.
844 2985 910 3046 189.
932 2985 1004 3045 edit.
1025 2988 1118 3048 hond.
1142 2985 1244 3070 1801.)

310 3201 313 3212 ,
362 3139 448 3220 llpon
477 3139 598 3214 leaving
628 3136 726 3214 Italy,
752 3136 791 3194 he
819 3135 880 3194 had
906 3137 1037 3215 charged
1061 3138 1108 3196 his
1139 3138 1241 3198 friend
1266 3137 1370 3198 Caelius

325 3245 402 3306 with
428 3244 480 3303 the
507 3243 571 3302 taslr
601 3241 636 3301 oi
661 3241 790 3320 sending
812 3241 876 3300 him
905 3243 957 3301 the
988 3263 1071 3302 news
1096 3243 1132 3302 oi
1154 3243 1265 3321 llome3
1282 3240 1373 3302 which

302 3349 443 3430 'Caelius
466 3346 638 3428 performed
672 3365 742 3425 very
769 3347 968 3426 punctually,
996 3349 1027 3405 in
1058 3367 1076 3406 a
1100 3351 1194 3427 series
1214 3349 1251 3408 of
1266 3349 1371 3418 letters,

324 3455 427 3514 which
447 3453 537 3512 rnahc
555 3472 572 3511 a
591 3450 732 3511 valuable
748 3463 816 3530 part
837 3453 868 3510 in
888 3453 940 3512 the
959 3453 1119 3515 collection
1138 3455 1175 3514 of
1190 3456 1238 3513 his
1254 3452 1373 3513 familiar

326 3559 465 3638 epistles:
493 3558 565 3636 they
590 3576 640 3615 are
669 3557 763 3634 polite
793 3557 852 3616 aud
880 3560 1102 3637 entertaining3
1123 3558 1183 3618 iull
1201 3543 1238 3619 of
1252 3561 1304 3619 wit
1321 3553 1372 3615 and

326 3665 413 3743 spirit
423 3685 432 3740 3
453 3671 503 3741 yet
520 3669 575 3720 not
594 3661 719 3738 flowing
733 3661 810 3720 with
828 3663 894 3720 that
915 3681 982 3741 easy
1002 3671 1074 3722 turn
1083 3708 1093 3739 ,
1111 3664 1171 3722 and
1193 3664 1328 3742 elegance
1344 3657 1373 3718 ol

326 3769 496 3848 expression
506 3811 515 3844 ,
532 3767 636 3826 which
653 3786 700 3826 we
718 3766 829 3845 always
847 3766 912 3826 find
930 3769 963 3826 in
979 3767 1115 3828 Cicero's.

367 3925 369 3936 ⁴
406 3918 464 3980 loa.
486 3917 560 3976 Fam.
583 3917 749 3992 Noarraros,
770 3916 916 3976 Reconsic
935 3921 1111 3999 scriptorum
1128 3919 1302 3980 Latinorum

494 4018 625 4099 Critian,
646 4019 774 4102 (adnexa
793 4023 832 4081 ad
852 4025 967 4084 calcem
987 4025 1088 4084 Lexici
1105 4027 1228 4086 Latinae

534 4127 667 4205 Linguae
688 4127 901 4210 Antibarhari.)
931 4150 960 4208 p.
993 4128 1081 4190 1843.
1113 4149 1174 4209 seq.
1211 4133 1213 4138 '

362 4278 466 4338 llerito
483 4277 617 4356 epistolis
633 4275 672 4334 ad
681 4275 831 4349 Atticum,
850 4278 882 4334 in
899 4277 1012 4356 quihus
1023 4283 1154 4348 treanta-o
1166 4287 1195 4338 et
1206 4299 1240 4339 ea
1252 4281 1371 4346 docetque

323 4384 456 4464 profert,
485 4374 562 4462 quae
589 4401 606 4442 a
637 4382 758 4442 nemine
779 4381 985 4463 cruditorum,
998 4384 1024 4450 si
1045 4403 1141 4444 uuum
1159 4383 1326 4446 Ciceronem
1346 4385 1371 4437 st
