<?xml version="1.0" encoding="UTF-8"?>
<!DOCTYPE html PUBLIC "-//W3C//DTD XHTML 1.0 Transitional//EN"
    "http://www.w3.org/TR/xhtml1/DTD/xhtml1-transitional.dtd">
<html xmlns="http://www.w3.org/1999/xhtml" xml:lang="en" lang="en">
 <head>
  <title>
</title>
<meta http-equiv="Content-Type" content="text/html;charset=utf-8" />
  <meta name='ocr-system' content='tesseract 3.04.00' />
  <meta name='ocr-capabilities' content='ocr_page ocr_carea ocr_par ocr_line ocrx_word'/>
</head>
<body>
  <div class='ocr_page' id='page_1' title='image "./caeliirufietcic00surigoog_0089.png"; bbox 0 0 3034 5166; ppageno 0'>
   <div class='ocr_carea' id='block_1_1' title="bbox 815 375 857 436">
    <p class='ocr_par' dir='ltr' id='par_1_1' title="bbox 815 375 857 436">
     <span class='ocr_line' id='line_1_1' title="bbox 815 375 857 436; baseline -0.024 0"><span class='ocrx_word' id='word_1_1' title='bbox 815 375 857 436; x_wconf 80' lang='lat'><strong>82</strong></span> 
     </span>
    </p>
   </div>
   <div class='ocr_carea' id='block_1_2' title="bbox 284 584 1367 1423">
    <p class='ocr_par' dir='ltr' id='par_1_2' title="bbox 284 584 1367 1185">
     <span class='ocr_line' id='line_1_2' title="bbox 303 584 1367 685; baseline -0.004 -25"><span class='ocrx_word' id='word_1_2' title='bbox 303 592 499 685; x_wconf 81' lang='lat' dir='ltr'><strong>ubieunque</strong></span> <span class='ocrx_word' id='word_1_3' title='bbox 548 611 656 676; x_wconf 87' lang='lat' dir='ltr'><strong>esses,</strong></span> <span class='ocrx_word' id='word_1_4' title='bbox 693 587 737 658; x_wconf 86' lang='lat' dir='ltr'><strong>ad</strong></span> <span class='ocrx_word' id='word_1_5' title='bbox 761 595 805 655; x_wconf 78' lang='lat' dir='ltr'><strong>te</strong></span> <span class='ocrx_word' id='word_1_6' title='bbox 837 585 1078 679; x_wconf 79' lang='lat' dir='ltr'><strong>pereunissem</strong></span> <span class='ocrx_word' id='word_1_7' title='bbox 1105 595 1141 653; x_wconf 82' lang='lat' dir='ltr'><strong>et</strong></span> <span class='ocrx_word' id='word_1_8' title='bbox 1173 584 1238 655; x_wconf 80' lang='lat' dir='ltr'><strong>ho&#39;e</strong></span> <span class='ocrx_word' id='word_1_9' title='bbox 1266 609 1294 653; x_wconf 77' lang='lat' dir='ltr'><strong>a</strong></span> <span class='ocrx_word' id='word_1_10' title='bbox 1329 599 1367 656; x_wconf 88' lang='lat' dir='ltr'><strong>te</strong></span> 
     </span>
     <span class='ocr_line' id='line_1_3' title="bbox 297 711 1362 810; baseline -0.005 -23"><span class='ocrx_word' id='word_1_11' title='bbox 297 735 458 810; x_wconf 80' lang='lat' dir='ltr'><strong>praesens</strong></span> <span class='ocrx_word' id='word_1_12' title='bbox 489 714 741 786; x_wconf 74' lang='lat' dir='ltr'><strong>contendissem</strong></span> <span class='ocrx_word' id='word_1_13' title='bbox 777 723 881 805; x_wconf 84' lang='lat' dir='ltr'><strong>atque</strong></span> <span class='ocrx_word' id='word_1_14' title='bbox 904 711 995 780; x_wconf 88' lang='lat' dir='ltr'><strong>omni</strong></span> <span class='ocrx_word' id='word_1_15' title='bbox 1018 712 1052 780; x_wconf 85' lang='lat' dir='ltr'><strong>vi</strong></span> <span class='ocrx_word' id='word_1_16' title='bbox 1076 723 1112 780; x_wconf 85' lang='lat' dir='ltr'><strong>te</strong></span> <span class='ocrx_word' id='word_1_17' title='bbox 1133 712 1362 784; x_wconf 80' lang='lat' dir='ltr'><strong>retinuissem.</strong></span> 
     </span>
     <span class='ocr_line' id='line_1_4' title="bbox 299 839 1366 937; baseline -0.002 -25"><span class='ocrx_word' id='word_1_18' title='bbox 299 843 408 912; x_wconf 82' lang='lat' dir='ltr'><strong>Etiam</strong></span> <span class='ocrx_word' id='word_1_19' title='bbox 446 854 550 937; x_wconf 87' lang='lat' dir='ltr'><strong>atque</strong></span> <span class='ocrx_word' id='word_1_20' title='bbox 585 843 709 929; x_wconf 86' lang='lat' dir='ltr'><strong>etiam,</strong></span> <span class='ocrx_word' id='word_1_21' title='bbox 735 839 899 929; x_wconf 81' lang='lat' dir='ltr'><strong>-Gieer01,</strong></span> <span class='ocrx_word' id='word_1_22' title='bbox 925 839 1058 931; x_wconf 79' lang='lat' dir='ltr'><strong>cogita,</strong></span> <span class='ocrx_word' id='word_1_23' title='bbox 1095 861 1139 908; x_wconf 90' lang='lat' dir='ltr'><strong>ne</strong></span> <span class='ocrx_word' id='word_1_24' title='bbox 1161 851 1197 909; x_wconf 88' lang='lat' dir='ltr'><strong>te</strong></span> <span class='ocrx_word' id='word_1_25' title='bbox 1219 851 1366 935; x_wconf 84' lang='lat' dir='ltr'><strong>tuosque</strong></span> 
     </span>
     <span class='ocr_line' id='line_1_5' title="bbox 299 967 1364 1062; baseline -0.002 -23"><span class='ocrx_word' id='word_1_26' title='bbox 299 991 423 1040; x_wconf 81' lang='lat' dir='ltr'><strong>omnes</strong></span> <span class='ocrx_word' id='word_1_27' title='bbox 449 969 604 1039; x_wconf 83' lang='lat' dir='ltr'><strong>funditus</strong></span> <span class='ocrx_word' id='word_1_28' title='bbox 641 980 792 1039; x_wconf 79' lang='lat' dir='ltr'><strong>evertas:</strong></span> <span class='ocrx_word' id='word_1_29' title='bbox 826 974 895 1036; x_wconf 80' lang='lat' dir='ltr'><strong>ne²</strong></span> <span class='ocrx_word' id='word_1_30' title='bbox 933 977 971 1036; x_wconf 84' lang='lat' dir='ltr'><strong>te</strong></span> <span class='ocrx_word' id='word_1_31' title='bbox 1000 968 1108 1036; x_wconf 84' lang='lat' dir='ltr'><strong>sciens</strong></span> <span class='ocrx_word' id='word_1_32' title='bbox 1140 967 1364 1062; x_wconf 78' lang='lat' dir='ltr'><strong>prudensque</strong></span> 
     </span>
     <span class='ocr_line' id='line_1_6' title="bbox 284 1094 1263 1185; baseline -0.001 -19"><span class='ocrx_word' id='word_1_33' title='bbox 284 1119 338 1166; x_wconf 85' lang='lat' dir='ltr'><strong>-eu</strong></span> <span class='ocrx_word' id='word_1_34' title='bbox 375 1097 555 1185; x_wconf 82' lang='lat' dir='ltr'><strong>demittas,</strong></span> <span class='ocrx_word' id='word_1_35' title='bbox 592 1096 684 1166; x_wconf 85' lang='lat' dir='ltr'><strong>unde</strong></span> <span class='ocrx_word' id='word_1_36' title='bbox 722 1097 850 1165; x_wconf 86' lang='lat' dir='ltr'><strong>exitum</strong></span> <span class='ocrx_word' id='word_1_37' title='bbox 887 1094 981 1165; x_wconf 88' lang='lat' dir='ltr'><strong>vides</strong></span> <span class='ocrx_word' id='word_1_38' title='bbox 1016 1096 1151 1165; x_wconf 90' lang='lat' dir='ltr'><strong>nullum</strong></span> <span class='ocrx_word' id='word_1_39' title='bbox 1179 1120 1263 1167; x_wconf 81' lang='lat' dir='ltr'><strong>esse.</strong></span> 
     </span>
    </p>

    <p class='ocr_par' dir='ltr' id='par_1_3' title="bbox 284 1216 1363 1423">
     <span class='ocr_line' id='line_1_7' title="bbox 297 1216 1363 1316; baseline 0 -24"><span class='ocrx_word' id='word_1_40' title='bbox 297 1261 301 1269; x_wconf 87' lang='lat'><em>.</em></span> <span class='ocrx_word' id='word_1_41' title='bbox 348 1216 384 1292; x_wconf 83' lang='lat'><strong>8.</strong></span> <span class='ocrx_word' id='word_1_42' title='bbox 436 1223 536 1312; x_wconf 85' lang='lat' dir='ltr'><strong>Quod</strong></span> <span class='ocrx_word' id='word_1_43' title='bbox 559 1223 587 1293; x_wconf 86' lang='lat' dir='ltr'><strong>si</strong></span> <span class='ocrx_word' id='word_1_44' title='bbox 617 1235 653 1293; x_wconf 88' lang='lat' dir='ltr'><strong>te</strong></span> <span class='ocrx_word' id='word_1_45' title='bbox 676 1234 736 1292; x_wconf 86' lang='lat' dir='ltr'><strong>aut</strong></span> <span class='ocrx_word' id='word_1_46' title='bbox 757 1247 857 1293; x_wconf 85' lang='lat' dir='ltr'><strong>voces</strong></span> <span class='ocrx_word' id='word_1_47' title='bbox 882 1223 1125 1316; x_wconf 81' lang='lat' dir='ltr'><strong>optimatium³</strong></span> <span class='ocrx_word' id='word_1_48' title='bbox 1149 1237 1363 1295; x_wconf 83' lang='lat' dir='ltr'><strong>commovent</strong></span> 
     </span>
     <span class='ocr_line' id='line_1_8' title="bbox 284 1343 1362 1423; baseline 0.001 -3"><span class='ocrx_word' id='word_1_49' title='bbox 284 1363 357 1421; x_wconf 82' lang='lat' dir='ltr'><strong>aut</strong></span> <span class='ocrx_word' id='word_1_50' title='bbox 391 1351 636 1423; x_wconf 79' lang='lat' dir='ltr'><strong>nonnullorum</strong></span> <span class='ocrx_word' id='word_1_51' title='bbox 673 1351 850 1422; x_wconf 89' lang='lat' dir='ltr'><strong>hominum</strong></span> <span class='ocrx_word' id='word_1_52' title='bbox 888 1343 1102 1421; x_wconf 76' lang='lat' dir='ltr'><strong>insolentiam</strong></span> <span class='ocrx_word' id='word_1_53' title='bbox 1139 1362 1174 1419; x_wconf 87' lang='lat' dir='ltr'><strong>et</strong></span> <span class='ocrx_word' id='word_1_54' title='bbox 1209 1349 1362 1421; x_wconf 86' lang='lat' dir='ltr'><strong>iactatio·</strong></span> 
     </span>
    </p>
   </div>
   <div class='ocr_carea' id='block_1_3' title="bbox 176 1477 1360 1576">
    <p class='ocr_par' dir='ltr' id='par_1_4' title="bbox 176 1477 1360 1576">
     <span class='ocr_line' id='line_1_9' title="bbox 176 1477 1360 1576; baseline -0.003 -26"><span class='ocrx_word' id='word_1_55' title='bbox 176 1501 181 1518; x_wconf 77' lang='lat'><strong>¹</strong></span> <span class='ocrx_word' id='word_1_56' title='bbox 295 1493 376 1550; x_wconf 81' lang='lat' dir='ltr'><strong>nem</strong></span> <span class='ocrx_word' id='word_1_57' title='bbox 410 1479 495 1550; x_wconf 79' lang='lat' dir='ltr'><strong>ferre</strong></span> <span class='ocrx_word' id='word_1_58' title='bbox 531 1503 599 1551; x_wconf 91' lang='lat' dir='ltr'><strong>non</strong></span> <span class='ocrx_word' id='word_1_59' title='bbox 634 1491 753 1572; x_wconf 68' lang='lat' dir='ltr'><strong>potest</strong></span> <span class='ocrx_word' id='word_1_60' title='bbox 787 1480 890 1576; x_wconf 81' lang='lat' dir='ltr'><strong>eligas</strong></span> <span class='ocrx_word' id='word_1_61' title='bbox 924 1502 1045 1551; x_wconf 84' lang='lat' dir='ltr'><strong>censen</strong></span> <span class='ocrx_word' id='word_1_62' title='bbox 1089 1477 1229 1571; x_wconf 80' lang='lat' dir='ltr'><strong>aliquod</strong></span> <span class='ocrx_word' id='word_1_63' title='bbox 1265 1479 1360 1574; x_wconf 88' lang='lat' dir='ltr'><strong>oppi-</strong></span> 
     </span>
    </p>
   </div>
   <div class='ocr_carea' id='block_1_4' title="bbox 294 1604 1360 1950">
    <p class='ocr_par' dir='ltr' id='par_1_5' title="bbox 294 1604 1360 1950">
     <span class='ocr_line' id='line_1_10' title="bbox 295 1604 1360 1700; baseline 0.004 -28"><span class='ocrx_word' id='word_1_64' title='bbox 295 1604 382 1673; x_wconf 86' lang='lat' dir='ltr'><strong>dum</strong></span> <span class='ocrx_word' id='word_1_65' title='bbox 420 1627 565 1674; x_wconf 83' lang='lat' dir='ltr'><strong>vaeuum</strong></span> <span class='ocrx_word' id='word_1_66' title='bbox 587 1629 606 1673; x_wconf 87' lang='lat' dir='ltr'><strong>a</strong></span> <span class='ocrx_word' id='word_1_67' title='bbox 630 1605 746 1694; x_wconf 88' lang='lat' dir='ltr'><strong>bello,</strong></span> <span class='ocrx_word' id='word_1_68' title='bbox 777 1605 862 1675; x_wconf 87' lang='lat' dir='ltr'><strong>dum</strong></span> <span class='ocrx_word' id='word_1_69' title='bbox 886 1606 970 1676; x_wconf 84' lang='lat' dir='ltr'><strong>haee</strong></span> <span class='ocrx_word' id='word_1_70' title='bbox 990 1606 1247 1696; x_wconf 84' lang='lat' dir='ltr'><strong>decernuntur,</strong></span> <span class='ocrx_word' id='word_1_71' title='bbox 1273 1630 1360 1700; x_wconf 84' lang='lat' dir='ltr'><strong>quae</strong></span> 
     </span>
     <span class='ocr_line' id='line_1_11' title="bbox 295 1731 1356 1829; baseline 0.006 -29"><span class='ocrx_word' id='word_1_72' title='bbox 295 1735 363 1800; x_wconf 89' lang='lat' dir='ltr'><strong>iam</strong></span> <span class='ocrx_word' id='word_1_73' title='bbox 398 1743 500 1804; x_wconf 84' lang='lat' dir='ltr'><strong>erunt</strong></span> <span class='ocrx_word' id='word_1_74' title='bbox 529 1731 695 1802; x_wconf 80' lang='lat' dir='ltr'><strong>donfeeta.</strong></span> <span class='ocrx_word' id='word_1_75' title='bbox 746 1733 787 1803; x_wconf 91' lang='lat' dir='ltr'><strong>Id</strong></span> <span class='ocrx_word' id='word_1_76' title='bbox 822 1736 849 1803; x_wconf 90' lang='lat' dir='ltr'><strong>si</strong></span> <span class='ocrx_word' id='word_1_77' title='bbox 883 1734 1036 1824; x_wconf 81' lang='lat' dir='ltr'><strong>feceris⁴,</strong></span> <span class='ocrx_word' id='word_1_78' title='bbox 1077 1745 1112 1806; x_wconf 90' lang='lat' dir='ltr'><strong>et</strong></span> <span class='ocrx_word' id='word_1_79' title='bbox 1145 1759 1207 1829; x_wconf 81' lang='lat' dir='ltr'><strong>ego</strong></span> <span class='ocrx_word' id='word_1_80' title='bbox 1241 1747 1276 1806; x_wconf 84' lang='lat' dir='ltr'><strong>te</strong></span> <span class='ocrx_word' id='word_1_81' title='bbox 1307 1757 1356 1806; x_wconf 85' lang='lat' dir='ltr'><strong>sa·</strong></span> 
     </span>
     <span class='ocr_line' id='line_1_12' title="bbox 294 1857 1353 1950; baseline 0.008 -24"><span class='ocrx_word' id='word_1_82' title='bbox 294 1860 428 1950; x_wconf 82' lang='lat' dir='ltr'><strong>pienter</strong></span> <span class='ocrx_word' id='word_1_83' title='bbox 463 1858 580 1928; x_wconf 86' lang='lat' dir='ltr'><strong>fecisse</strong></span> <span class='ocrx_word' id='word_1_84' title='bbox 618 1857 777 1932; x_wconf 86' lang='lat' dir='ltr'><strong>iudicabo</strong></span> <span class='ocrx_word' id='word_1_85' title='bbox 810 1873 845 1931; x_wconf 75' lang='lat' dir='ltr'><strong>et</strong></span> <span class='ocrx_word' id='word_1_86' title='bbox 880 1860 1054 1934; x_wconf 85' lang='lat' dir='ltr'><strong>Caesarem</strong></span> <span class='ocrx_word' id='word_1_87' title='bbox 1090 1885 1158 1937; x_wconf 87' lang='lat' dir='ltr'><strong>nun</strong></span> <span class='ocrx_word' id='word_1_88' title='bbox 1194 1862 1353 1935; x_wconf 79' lang='lat' dir='ltr'><strong>offendes</strong></span> 
     </span>
    </p>
   </div>
   <div class='ocr_carea' id='block_1_5' title="bbox 282 2093 1359 2516">
    <p class='ocr_par' dir='ltr' id='par_1_6' title="bbox 282 2093 1359 2516">
     <span class='ocr_line' id='line_1_13' title="bbox 294 2093 1356 2168; baseline 0.008 -26"><span class='ocrx_word' id='word_1_89' title='bbox 294 2159 297 2166; x_wconf 17' lang='grc' dir='ltr'><strong><em>Δ</em></strong></span> <span class='ocrx_word' id='word_1_90' title='bbox 338 2095 434 2168; x_wconf 65' lang='grc'><strong>(1)-</strong></span> <span class='ocrx_word' id='word_1_91' title='bbox 450 2098 487 2145; x_wconf 82' lang='lat' dir='ltr'><strong>mi</strong></span> <span class='ocrx_word' id='word_1_92' title='bbox 504 2097 593 2148; x_wconf 79' lang='lat' dir='ltr'><strong>Cicero</strong></span> <span class='ocrx_word' id='word_1_93' title='bbox 610 2093 702 2147; x_wconf 78' lang='lat' dir='ltr'><strong>Lamb.</strong></span> <span class='ocrx_word' id='word_1_94' title='bbox 738 2095 881 2162; x_wconf 53' lang='lat' dir='ltr'><strong>(imme</strong></span> <span class='ocrx_word' id='word_1_95' title='bbox 899 2095 951 2146; x_wconf 73' lang='lat' dir='ltr'><strong>Au.</strong></span> <span class='ocrx_word' id='word_1_96' title='bbox 989 2096 1240 2165; x_wconf 72' lang='lat' dir='ltr'><strong>(s)-·opumatum</strong></span> <span class='ocrx_word' id='word_1_97' title='bbox 1255 2099 1324 2152; x_wconf 75' lang='lat' dir='ltr'><strong>vin.</strong></span> <span class='ocrx_word' id='word_1_98' title='bbox 1333 2101 1356 2151; x_wconf 94' lang='lat'><strong>1.</strong></span> 
     </span>
     <span class='ocr_line' id='line_1_14' title="bbox 282 2169 1358 2256; baseline 0.006 -22"><span class='ocrx_word' id='word_1_99' title='bbox 282 2194 380 2234; x_wconf 76' lang='lat' dir='ltr'><strong>eontra</strong></span> <span class='ocrx_word' id='word_1_100' title='bbox 395 2184 447 2235; x_wconf 78' lang='lat' dir='ltr'><strong>Md.</strong></span> <span class='ocrx_word' id='word_1_101' title='bbox 484 2185 524 2250; x_wconf 77' lang='lat'><strong>(4)</strong></span> <span class='ocrx_word' id='word_1_102' title='bbox 547 2182 591 2234; x_wconf 81' lang='lat' dir='ltr'><strong>Sic</strong></span> <span class='ocrx_word' id='word_1_103' title='bbox 606 2185 658 2232; x_wconf 77' lang='lat' dir='ltr'><strong>Au.</strong></span> <span class='ocrx_word' id='word_1_104' title='bbox 681 2183 737 2232; x_wconf 82' lang='lat' dir='ltr'><strong>sine</strong></span> <span class='ocrx_word' id='word_1_105' title='bbox 754 2200 807 2232; x_wconf 72' lang='lat' dir='ltr'><strong>aar.</strong></span> <span class='ocrx_word' id='word_1_106' title='bbox 823 2182 890 2234; x_wconf 73' lang='lat' dir='ltr'><strong>Vici.</strong></span> <span class='ocrx_word' id='word_1_107' title='bbox 909 2184 935 2233; x_wconf 77' lang='lat'><strong>2.</strong></span> <span class='ocrx_word' id='word_1_108' title='bbox 950 2182 1042 2236; x_wconf 87' lang='lat' dir='ltr'><strong>Lamh.</strong></span> <span class='ocrx_word' id='word_1_109' title='bbox 1057 2185 1120 2238; x_wconf 83' lang='lat' dir='ltr'><strong>Seh.</strong></span> <span class='ocrx_word' id='word_1_110' title='bbox 1137 2215 1172 2229; x_wconf 76' lang='lat'>—</span> <span class='ocrx_word' id='word_1_111' title='bbox 1185 2187 1212 2239; x_wconf 83' lang='lat' dir='ltr'><strong>d.</strong></span> <span class='ocrx_word' id='word_1_112' title='bbox 1225 2169 1291 2256; x_wconf 60' lang='lat' dir='ltr'><strong>quaa</strong></span> <span class='ocrx_word' id='word_1_113' title='bbox 1304 2193 1358 2241; x_wconf 79' lang='lat' dir='ltr'><strong>tam</strong></span> 
     </span>
     <span class='ocr_line' id='line_1_15' title="bbox 282 2269 1358 2342; baseline 0.005 -18"><span class='ocrx_word' id='word_1_114' title='bbox 282 2279 373 2324; x_wconf 62' lang='lat' dir='ltr'><strong>»amnt</strong></span> <span class='ocrx_word' id='word_1_115' title='bbox 392 2273 531 2338; x_wconf 70' lang='lat' dir='ltr'><strong>confeceris</strong></span> <span class='ocrx_word' id='word_1_116' title='bbox 554 2271 604 2322; x_wconf 75' lang='lat' dir='ltr'><strong>ud.</strong></span> <span class='ocrx_word' id='word_1_117' title='bbox 623 2271 713 2339; x_wconf 77' lang='lat' dir='ltr'><strong>Anuq.</strong></span> <span class='ocrx_word' id='word_1_118' title='bbox 728 2299 762 2310; x_wconf 88' lang='grc'><strong>--</strong></span> <span class='ocrx_word' id='word_1_119' title='bbox 777 2271 802 2320; x_wconf 88' lang='lat' dir='ltr'><strong>d.</strong></span> <span class='ocrx_word' id='word_1_120' title='bbox 817 2287 883 2338; x_wconf 74' lang='lat' dir='ltr'><strong>quae</strong></span> <span class='ocrx_word' id='word_1_121' title='bbox 899 2273 953 2322; x_wconf 81' lang='lat' dir='ltr'><strong>iam</strong></span> <span class='ocrx_word' id='word_1_122' title='bbox 969 2278 1055 2326; x_wconf 77' lang='lat' dir='ltr'><strong>erunt.</strong></span> <span class='ocrx_word' id='word_1_123' title='bbox 1089 2277 1180 2338; x_wconf 73' lang='lat' dir='ltr'><strong>‚Quum</strong></span> <span class='ocrx_word' id='word_1_124' title='bbox 1198 2269 1293 2342; x_wconf 64' lang='lat' dir='ltr'><strong>faceia&#39;a</strong></span> <span class='ocrx_word' id='word_1_125' title='bbox 1307 2277 1358 2330; x_wconf 79' lang='lat' dir='ltr'><strong>ue-</strong></span> 
     </span>
     <span class='ocr_line' id='line_1_16' title="bbox 294 2360 1359 2438; baseline 0.009 -27"><span class='ocrx_word' id='word_1_126' title='bbox 294 2360 357 2412; x_wconf 78' lang='lat' dir='ltr'><strong>ned.</strong></span> <span class='ocrx_word' id='word_1_127' title='bbox 380 2387 414 2401; x_wconf 85' lang='lat'><strong>-·</strong></span> <span class='ocrx_word' id='word_1_128' title='bbox 436 2360 461 2411; x_wconf 88' lang='lat' dir='ltr'><strong>d.</strong></span> <span class='ocrx_word' id='word_1_129' title='bbox 487 2375 552 2427; x_wconf 79' lang='lat' dir='ltr'><strong>quae</strong></span> <span class='ocrx_word' id='word_1_130' title='bbox 577 2375 658 2426; x_wconf 73' lang='lat' dir='ltr'><strong>quum</strong></span> <span class='ocrx_word' id='word_1_131' title='bbox 682 2360 822 2424; x_wconf 77' lang='lat' dir='ltr'><strong>confeceris</strong></span> <span class='ocrx_word' id='word_1_132' title='bbox 845 2361 914 2412; x_wconf 77' lang='lat' dir='ltr'><strong>Crat.</strong></span> <span class='ocrx_word' id='word_1_133' title='bbox 936 2361 1005 2415; x_wconf 75' lang='lat' dir='ltr'><strong>Via.</strong></span> <span class='ocrx_word' id='word_1_134' title='bbox 1029 2365 1052 2418; x_wconf 90' lang='lat'><strong>1.</strong></span> <span class='ocrx_word' id='word_1_135' title='bbox 1068 2366 1264 2434; x_wconf 67' lang='lat' dir='ltr'><strong>-aquaatu</strong></span> <span class='ocrx_word' id='word_1_136' title='bbox 1279 2385 1359 2438; x_wconf 74' lang='lat' dir='ltr'><strong>quum</strong></span> 
     </span>
     <span class='ocr_line' id='line_1_17' title="bbox 283 2446 1106 2516; baseline 0.002 -18"><span class='ocrx_word' id='word_1_137' title='bbox 283 2450 384 2515; x_wconf 32' lang='lat' dir='ltr'><strong>{seceris</strong></span> <span class='ocrx_word' id='word_1_138' title='bbox 401 2448 494 2502; x_wconf 68' lang='lat' dir='ltr'><strong>Graes.</strong></span> <span class='ocrx_word' id='word_1_139' title='bbox 513 2475 546 2490; x_wconf 82' lang='lat'><strong>·-</strong></span> <span class='ocrx_word' id='word_1_140' title='bbox 559 2446 584 2499; x_wconf 84' lang='lat' dir='ltr'><strong>d.</strong></span> <span class='ocrx_word' id='word_1_141' title='bbox 600 2460 666 2516; x_wconf 75' lang='lat' dir='ltr'><strong>quae</strong></span> <span class='ocrx_word' id='word_1_142' title='bbox 678 2463 759 2516; x_wconf 78' lang='lat' dir='ltr'><strong>quum</strong></span> <span class='ocrx_word' id='word_1_143' title='bbox 777 2453 807 2500; x_wconf 76' lang='lat' dir='ltr'><strong>tu</strong></span> <span class='ocrx_word' id='word_1_144' title='bbox 820 2449 914 2514; x_wconf 75' lang='lat' dir='ltr'><strong>seceris</strong></span> <span class='ocrx_word' id='word_1_145' title='bbox 926 2451 989 2503; x_wconf 70' lang='lat' dir='ltr'><strong>Ean.</strong></span> <span class='ocrx_word' id='word_1_146' title='bbox 1103 2494 1106 2500; x_wconf 93' lang='lat'>.</span> 
     </span>
    </p>
   </div>
   <div class='ocr_carea' id='block_1_6' title="bbox 0 0 1522 5166">
    <p class='ocr_par' dir='ltr' id='par_1_7' title="bbox 0 0 1522 5166">
     <span class='ocr_line' id='line_1_18' title="bbox 0 0 1522 5166; baseline 0 7"><span class='ocrx_word' id='word_1_147' title='bbox 0 0 1522 5166; x_wconf 95' lang='lat' dir='ltr'><strong> </strong></span> 
     </span>
    </p>
   </div>
  </div>
 </body>
</html>
