2978 5186
825 385 886 446 122

319 592 358 658 M,
382 593 517 670 Coelius,
539 595 700 674 quamdiu
721 597 895 655 auctoritati
915 615 994 653 meae
1014 597 1139 674 paruit,
1160 595 1231 654 talis
1251 596 1388 655 triduoue

220 773 226 790 ·
313 701 412 781 plebis
422 701 511 782 fuit,
532 709 566 758 ut
585 719 670 770 nenio
692 711 794 761 contro
813 701 925 758 civium
939 701 1126 779 perditorum
1139 701 1311 780 popularem
1327 712 1384 760 tur-

317 807 520 885 bulentamque
549 804 724 864 dementiam
751 827 769 864 a
799 816 922 880 senatu,
942 816 970 864 ct
989 827 1008 864 o
1026 807 1167 864 bonorum
1187 825 1312 877 caussa,
1332 817 1384 864 sto-

318 913 388 972 terit
415 911 608 968 constantius.
650 909 813 970 Nominum
844 920 873 970 et
902 910 1057 989 Appianas
1086 918 1116 970 et
1143 911 1198 970 Dio
1227 913 1384 971 tribunum

314 1015 431 1095 plebis,
450 1033 634 1095 quamquam
652 1015 734 1093 apud
751 993 917 1094 utrumque
935 1015 1077 1074 mendose
1096 1015 1209 1092 legitur
1229 1013 1382 1075 Caecilius.

316 1122 432 1182 Aedilis
459 1120 576 1179 curulis
606 1119 667 1179 fuit
698 1121 729 1178 L.
757 1120 863 1179 Paullo
891 1128 920 1178 et
947 1119 1232 1180 C.ll1arcellocoss.
1265 1121 1383 1182 Praetor

317 1228 348 1287 G.
371 1226 492 1286 Caesare
514 1227 552 1285 ll.
574 1235 604 1283 et
624 1225 656 1287 P.
676 1225 803 1284 Servilio
822 1242 896 1283 coss.
929 1225 1000 1282 Orto
1019 1225 1104 1283 civili
1125 1225 1223 1296 bello,
1245 1237 1382 1306 quaestor

316 1333 349 1390 in
369 1331 471 1391 Africa
495 1331 555 1390 fuit
574 1331 608 1394 C.¹
623 1329 779 1405 Curionis,
800 1342 834 1386 ut
855 1329 937 1406 apud
955 1329 1107 1389 Caesarem
1130 1329 1184 1389 lib.
1205 1330 1233 1390 2.
1254 1332 1292 1390 de
1314 1332 1380 1391 bell.

316 1438 373 1498 civ.
395 1457 421 1496 c.
443 1435 494 1496 23.
516 1427 663 1514 scriptum
685 1445 738 1494 cet.

356 1646 554 1725 Eloquentiae
574 1647 606 1703 in
627 1647 733 1725 primic
754 1664 874 1722 operam
898 1645 997 1717 dedit,
1019 1645 1182 1723 locumque
1202 1646 1283 1704 iatcr
1300 1621 1378 1705 sum-

315 1770 380 1810 mos
408 1761 539 1810 oratores
566 1759 747 1810 csrnsecutue
768 1757 822 1809 est.
865 1750 972 1828 Itaque
992 1764 1022 1808 et
1042 1749 1197 1808 Cornelius
1217 1749 1333 1811 Tacitus
1350 1762 1377 1810 et
1467 1811 1468 1814 ,

316 1856 538 1931 Quinctilianus
566 1857 646 1915 inter
675 1875 724 1914 ecc
752 1865 900 1930 oratores,
931 1855 984 1934 qui
1006 1856 1178 1914 novissimis
1199 1855 1378 1934 reipublicae

316 1963 505 2042 temporibus
525 1962 656 2020 maxime
674 1959 847 2030 floruerint,
869 1958 1005 2018 Coelium
1025 1959 1176 2034 referunt,
1196 1979 1252 2020 sua
1272 1961 1378 2041 cuique

318 2067 432 2127 tributa
461 2067 568 2140 laude,
589 2066 745 2139 Ciceroni,
766 2066 899 2139 Caesari,
921 2063 1036 2136 Coelio,
1059 2048 1165 2140 Caluo,
1185 2064 1297 2138 Bruto,
1316 2063 1378 2124 Asi-

288 2184 290 2190 ’
314 2173 383 2248 nio,
405 2172 566 2230 Messallae.
608 2170 700 2228 Caelii
721 2180 820 2228 tamea
841 2170 953 2246 scripta
973 2149 1076 2245 paullo
1097 2171 1263 2248 asperiora,
1287 2181 1317 2229 et
1334 2191 1378 2229 aa·

314 2278 490 2356 tiquitatem
522 2274 659 2334 redolere
677 2277 741 2334 visa
761 2284 848 2352 sarit,
871 2275 909 2332 do
927 2294 988 2353 quo
1007 2275 1050 2332 sio
1069 2274 1189 2332 Tacitus
1210 2277 1244 2334 iu
1261 2276 1376 2354 dialogo

314 2381 352 2440 de
378 2390 452 2440 orat.
479 2398 506 2440 a.
529 2378 576 2438 18.
596 2377 669 2460 (Ser.
690 2379 785 2438 Galba
805 2388 835 2437 ct
854 2379 884 2437 C.
905 2375 1013 2459 Carbo)
1032 2379 1253 2452 suntdorridi,
1275 2390 1304 2438 et
1323 2383 1375 2438 im-

310 2485 423 2566 politi,
451 2494 479 2542 et
510 2483 612 2556 rudes,
642 2494 670 2541 et
700 2484 860 2562 informes,
884 2494 911 2540 et
934 2504 1006 2562 qum
1025 2487 1141 2542 utinam
1163 2487 1303 2558 imitatus
1321 2507 1373 2544 non

315 2600 390 2648 esset
421 2587 528 2648 Calvus
559 2598 677 2663 cester,
697 2600 749 2646 out
778 2587 912 2660 Coelius,
943 2600 995 2648 aut
1015 2591 1077 2669 ipse
1100 2589 1211 2649 Cicero.
1243 2601 1274 2650 et
1290 2613 1314 2650 c,
1329 2591 1373 2650 21.

318 2693 424 2776 Quid?
455 2714 492 2752 ea
522 2693 672 2754 Caelianis
693 2695 901 2754 orationibus?
922 2715 1022 2775 rrernpe
1041 2695 1095 2754 lure
1106 2696 1243 2774 placent,
1265 2699 1298 2756 in
1314 2695 1371 2774 qut

311 2801 367 2860 bus
384 2802 559 2858 nitorem'et
578 2797 767 2860 altitudinem
788 2800 891 2857 lterum
911 2809 1071 2878 temporum
1091 2802 1289 2881 agnoscimus.
1311 2799 1369 2859 Sor·

312 2907 362 2965 des
383 2915 480 2965 autem
500 2906 669 2982 oerlmrum,
691 2916 718 2964 ct
739 2907 827 2964 lions
848 2907 1036 2984 compositio,
1056 2914 1085 2963 et
1110 2907 1261 2966 inconditi
1276 2925 1368 2970 sensus

313 3011 446 3068 redolent
461 3011 691 3088 antiquitatem:
710 3029 765 3068 nec
786 3029 961 3089 quensqnom
981 3011 1053 3068 odeo
1070 3012 1276 3089 antiquarium
1288 3021 1369 3091 puto,
1465 3039 1466 3042 ¹

312 3125 347 3193 ut
368 3112 500 3172 Coelium
520 3133 556 3170 ec
577 3133 611 3171 eo
624 3123 711 3192 parte
731 3114 846 3187 inridet,
868 3135 927 3192 qua
948 3116 1090 3193 antiquus
1107 3125 1157 3174 est.
1185 3116 1262 3175 Item
1281 3136 1305 3176 c.
1324 3115 1367 3173 25.

271 3285 272 3290 η
314 3218 407 3298 Apud
433 3237 487 3276 nos
508 3215 611 3276 Cicero
632 3217 751 3297 quidem
770 3227 878 3276 ceteros
898 3219 1055 3277 eorundem
1075 3230 1235 3298 temporum
1256 3222 1367 3282 disertos

312 3326 487 3396 antecessit,
518 3322 627 3383 Caluus
652 3333 767 3396 antem,
789 3333 817 3381 et
837 3307 982 3399 Asinius,
1004 3335 1032 3382 et
1053 3322 1176 3401 Caesar,
1197 3337 1225 3384 et
1247 3325 1366 3394 Coelius,

311 3441 339 3488 et
365 3429 497 3506 Brutus,
525 3451 579 3490 suo
599 3433 665 3489 iure
675 3475 684 3505 ,
706 3441 734 3488 ot
748 3407 922 3510 priirihns,
944 3441 971 3487 ct
989 3431 1179 3509 scortantibus
1199 3442 1367 3511 anteponas·

311 3545 383 3606 tur,·
413 3555 467 3592 nec
493 3537 603 3615 refert,
633 3535 711 3614 qnod
740 3537 818 3594 inter
842 3557 872 3594 se
892 3538 987 3615 specie
1008 3519 1164 3614 differant,
1186 3557 1253 3595 cuns
1269 3552 1368 3617 penore

312 3641 506 3698 consentiant.
550 3638 735 3697 Adstrictior
762 3639 884 3715 Calvus,
913 3642 1098 3698 numerosior
1118 3641 1264 3718 Asinius,
1283 3639 1367 3720 splen·

311 3744 414 3802 didior
437 3740 561 3819 (laesor,
583 3744 714 3800 amarior
735 3741 868 3820 Coelius,
886 3745 1011 3826 gravior
1030 3745 1156 3817 Brutus,
1174 3746 1367 3820 remanentia,
1463 3793 1464 3816 ,

310 3859 339 3908 et
359 3849 496 3928 plenior,
517 3857 545 3906 et
566 3849 712 3906 calentior
733 3848 836 3908 Cicero
845 3874 859 3922 ,·
881 3870 979 3908 omnes
1000 3861 1097 3908 tortian
1120 3852 1241 3911 eandem
1260 3852 1367 3910 sanita-

309 3965 366 4015 tem
395 3955 578 4034 eloquentiae
601 3955 718 4035 ferunt.
761 3957 985 4032 Quinctilianus
1015 3967 1116 4016 autem
1143 3958 1219 4016 haee
1246 3957 1298 4016 lib.
1323 3951 1366 4012 10.

307 4080 333 4120 c.
355 4059 390 4120 ·1.
433 4059 557 4118 Multum
584 4062 703 4141 ingenii
730 4063 763 4118 in
793 4059 907 4135 Coelio,
929 4063 1133 4140 etpraeoipue
1154 4061 1189 4118 in
1210 4057 1367 4120 accusando

307 4165 401 4224 multa
426 4165 598 4236 urbanitas,
628 4165 795 4246 dignusque
819 4167 883 4239 cir,
905 4141 955 4224 cui
976 4176 1004 4224 et
1023 4187 1105 4226 meus
1124 4166 1241 4239 melior,
1262 4174 1289 4223 et
1307 4164 1364 4222 cito

307 4271 425 4352 longior
442 4272 624 4351 contigisset.
665 4271 829 4348 Subiungit
850 4288 878 4327 c·
897 4268 924 4328 2.
969 4246 1050 4352 Quid
1069 4283 1199 4346 noceret,
1222 4274 1282 4331 cim
1302 4267 1365 4328 Coe·
1403 4323 1406 4334 ,

307 4378 398 4454 sorim
437 4378 623 4456 asperitatem
661 4373 774 4454 Caelii,
806 4375 996 4457 diligentiam
1028 4378 1193 4456 Pollionis,
1226 4377 1365 4440 iudicium
