2978 5186
592 385 655 446 189

99 606 138 653 tm
153 603 346 674 permutare:
367 590 420 648 aed
442 570 536 648 litotis
551 592 584 648 iu
605 600 696 648 cutus
717 609 772 668 pro
793 590 948 648 columitas
966 591 1153 663 excusanda,

100 710 125 758 et
144 697 272 758 fortasse
292 694 453 756 laudanda.
1028 694 1153 754 Wnsus.

134 802 161 884 ᾗ.
184 803 215 862 2.
257 801 420 859 nondum
450 801 668 859 retuleras!
711 801 783 860 tlibi
809 797 1153 877 etiamnum'Bengelio

35 969 37 976 ,
99 929 163 970 aera
200 927 264 967 esse
304 905 426 965 videtur
464 906 556 965 lectio
592 885 787 985 antiquorum
825 904 992 964 librorum:
1029 904 1159 962 nmmum

99 1013 235 1072 retuleras
245 1035 259 1082 ,·
275 1028 412 1088 ‘eamque
442 1029 478 1068 ex
505 1009 598 1068 Coelii
624 1011 763 1087 ingenio,
789 1011 897 1088 quiin
917 1009 1047 1068 dicendo
1068 1009 1161 1087 inpri·

98 1123 148 1180 ruis
174 1119 318 1180 brevitati
350 1116 508 1186 studebat,
540 1117 582 1174 ita
627 1115 786 1201 vernacula
820 1114 927 1193 lingua
957 1117 1157 1192 interpretor:

97 1224 288 1306 Dergleiclrcu
317 1223 382 1280 lauat
402 1221 442 1280 du
463 1223 521 1278 mir
538 1220 613 1279 cccli
632 1220 716 1277 uiolet
736 1218 870 1277 erudibit!
899 1222 978 1278 sive:
1010 1217 1051 1276 So
1071 1228 1160 1276 etwas

97 1331 134 1387 iat
156 1328 317 1388 uuerlsdrt!
358 1326 517 1386 Rationem
546 1326 642 1385 huius·
665 1325 922 1402 interpretationis
950 1325 981 1382 in
1002 1327 1159 1402 sequenti·

97 1434 148 1492 bus
165 1433 268 1492 verbis
289 1433 422 1490 invenio.
464 1432 541 1505 Quia
566 1431 668 1490 statim
699 1433 816 1508 pergit:
849 1427 941 1488 Multo
972 1429 1006 1486 ia
1031 1427 1084 1484 Ιιοο
1107 1447 1157 1507 3ο-

96 1554 157 1594 οοοο
178 1535 391 1608 incredibilia,
411 1545 437 1592 te
454 1535 589 1606 ahsente,
618 1535 799 1594 ecciderunt.
1014 1534 1156 1594 Bramscr.

96 1635 98 1640 ¹
131 1661 213 1700 cum
240 1641 398 1718 quasit
427 1639 582 1718 uliquis
608 1639 883 1719 deprehensus.
925 1639 1158 1710 Coelius,anti·

95 1747 214 1822 quitatis
243 1742 413 1814 studiosus,
441 1743 525 1803 haud
545 1742 639 1804 dubie
655 1746 776 1822 scripsit
793 1743 916 1822 aliqui·
1018 1743 1156 1803 Bannmcr.

532 2035 724 2060 —000—

397 2248 619 2306 nnrsm
674 2233 871 2338 xvn.¹

130 2469 234 2529 Paullo
258 2469 366 2528 melior
387 2468 461 2530 baec
479 2469 610 2548 Epistola
632 2470 772 2540 videtur,
801 2481 894 2550 quam
913 2469 1093 2528 antecedens
1109 2469 1154 2548 [b.

94 2571 143 2635 Ed.
153 2574 231 2655 X1.]:
250 2555 350 2653 nequo
368 2583 468 2634 tamen
491 2575 573 2634 lectu
590 2585 634 2634 eat
655 2575 801 2634 iucunda.
831 2575 931 2634 Partes
953 2576 1080 2634 maiores
1100 2595 1157 2654 op·
1263 2629 1271 2648 ,

26 2753 27 2770 ¹
94 2678 164 2737 timo
201 2680 309 2738 ordine
334 2691 406 2738 sunt
436 2679 620 2753 collocatae,
658 2688 693 2738 ut
720 2688 821 2738 tamen
848 2680 951 2739 omnia
981 2673 1152 2760 temporum

93 2781 311 2865 hominumque
329 2786 441 2844 iniuria
458 2784 629 2863 perturbari
651 2804 711 2842 non
731 2783 894 2862 potuerint.
1029 2785 1155 2844 Wanrs.

130 2885 158 2966 §.
181 2887 208 2947 1.
252 2891 315 2947 cui
336 2889 513 2948 omatibus
533 2890 757 2948 rationibus
776 2887 999 2946 comitiales
1018 2889 1153 2966 eripio

93 2989 242 3051 bantur.
285 2992 385 3052 Aliam
415 3002 542 3074 eamque
573 2995 729 3054 meliorem
760 2995 919 3052 lectionem
947 2992 1019 3050 libri
1038 2994 1156 3072 antiqui

93 3093 234 3157 afferunt:
255 3101 308 3177 qui
329 3098 467 3156 omuibua'
486 3099 654 3158 rationibus
675 3099 839 3156 comitiales
860 3098 1038 3176 eripiuntur.
1078 3098 1154 3158 Nam

92 3201 169 3260 illud
196 3203 249 3282 qui
286 3211 330 3260 est
357 3203 515 3281 antiquius
544 3202 672 3281 ideoque
704 3202 843 3261 Coeliano
868 3203 1021 3262 scribendi
1052 3205 1156 3280 generi

91 3309 185 3384 magis
215 3307 486 3365 accommodatum.
841 3331 847 3340 ·
1014 3307 1155 3366 Bnnnmer.

130 3431 173 3468 οοο
202 3412 351 3490 qma--
368 3412 468 3470 boui.
510 3411 595 3471 lllnd
615 3412 748 3471 insolens
769 3421 813 3470 est
833 3411 926 3470 Caelii
943 3411 1082 3491 Nequcd
1094 3413 1155 3492 s¹‘·

90 3535 153 3574 rore
173 3515 266 3574 Pculi
284 3515 435 3597 ademptus
454 3527 526 3574 esset
543 3516 631 3574 boni:
651 3517 695 3574 sie
711 3519 793 3576 enim
811 3518 1056 3576 constituendam
1075 3522 1153 3576 scri-

89 3632 210 3698 pturam
249 3621 398 3692 arbitror,
431 3641 492 3680 non
520 3622 651 3700 adeptus.
703 3621 753 3680 Est
782 3625 863 3680 enim
894 3623 1006 3682 Graece
1032 3623 1154 3684 loeutus

89 3729 164 3801 οἵπερ
181 3731 286 3798 ἀγαθόν
303 3752 331 3782 το
347 3733 504 3802 ἀφῃρημένος
521 3732 572 3798 εἴη.
594 3734 629 3784 ut
647 3727 679 3784 in
689 3725 865 3786 Trinummo
876 3727 975 3786 Plauti
987 3727 1039 3806 [ll.
1050 3726 1078 3788 4.
1089 3727 1153 3812 26]

91 3829 172 3911 Quas
198 3832 354 3910 sponsione
378 3851 531 3911 pronuper
558 3841 590 3889 tu
620 3841 741 3890 coactus
769 3852 808 3889 es.
849 3832 885 3890 lit
909 3833 991 3910 apud
1020 3833 1154 3895 Gellium

89 3933 159 4012 [XV.
181 3935 241 4015 lt]
261 3937 293 3993 in
314 3933 424 3994 Metelli
442 3938 592 3996 oratione:
617 3935 686 3994 Sese
706 3939 853 3994 mucimus
868 3938 1015 4016 pecunius
1035 3949 1154 3997 cunctos

86 4061 155 4100 esse.
184 4041 220 4099 m
242 4041 323 4120 apud
340 4041 523 4116 Caecilium,
542 4041 692 4100 referente
710 4042 824 4101 ibidem
843 4040 957 4100 Gellio:
989 4039 1056 4122 Ego
1075 4043 1155 4102 illud

86 4145 283 4204 nihilominus
313 4147 417 4226 erigor
446 4148 621 4225 portorium.
1010 4147 1152 4209 Tosnmus.

126 4285 190 4296 —-
209 4285 270 4298 -
310 4251 469 4311 Turnebus
495 4251 551 4310 XII
579 4251 704 4311 Advers.
734 4271 760 4309 c.
779 4251 869 4311 XVII.
889 4253 963 4330 legit
984 4253 1153 4332 ademptus,
1186 4276 1190 4288 ·

82 4355 169 4434 quod
199 4355 395 4416 confirmatur
422 4356 540 4436 aliquot
557 4356 630 4416 MSS.
653 4343 819 4418 Insolentia
838 4366 939 4418 nutem
960 4358 1101 4418 dictionis
1119 4360 1152 4418 in
1259 4423 1260 4430 ,
