2978 5186
848 379 908 440 142

340 594 434 661 Coelii
454 592 494 654 ad
510 593 693 652 Ciceronem.
734 590 764 648 ls
784 588 902 650 Coelius
922 559 1039 650 emicui
1057 589 1222 662 Ciceronis,
1244 597 1276 650 ct
1294 594 1325 650 in
1342 579 1420 652 arte'

337 701 467 760 oratoria
486 697 656 777 discipulus
676 696 752 773 fuit5
771 696 911 776 quamvis
932 697 1112 755 suavitatem
1132 695 1197 754 stili
1216 679 1399 756 Ciceroniaui

335 827 397 866 non
418 814 573 865 assecutus
589 811 641 862 cst.
673 795 879 859 Nihilominus
897 798 978 858 inter
993 799 1091 860 claros
1107 795 1240 860 oratores
1258 801 1400 878 refertur,

332 933 396 972 non
424 920 543 969 tantum
568 929 586 968 a
616 907 757 966 Cicerone
784 906 816 964 in
845 905 938 964 Bruto
966 906 1030 964 sire
1058 904 1096 965 de
1125 905 1216 967 claris
1236 905 1399 966 oratoribus

335 1035 400 1095 cap.
428 1013 549 1074 LXXIX.
577 1032 684 1072 rerum
709 1013 800 1070 etiam
828 1011 866 1070 ab
894 1020 1016 1070 auctore
1042 1010 1156 1088 dialogi
1176 1011 1214 1070 ‹le
1234 1011 1398 1071 oratoribus

335 1141 390 1180 seu
414 1120 452 1180 de
472 1120 583 1179 canesio
601 1137 679 1177 corr.
701 1117 801 1195 eloqu.
820 1134 884 1193 cap.
904 1115 994 1176 XVII.
1015 1113 1090 1174 XXI.
1111 1125 1141 1174 et
1161 1116 1244 1176 XXV.
1264 1117 1320 1194 qui
1340 1135 1398 1175 me·

335 1225 388 1286 dio
412 1225 479 1284 loeo
507 1221 583 1303 (cap.
610 1218 698 1300 XXI.)
715 1219 754 1278 de
772 1219 843 1278 stilo
863 1221 928 1278 eius
947 1221 989 1278 ita
1010 1219 1135 1280 iudicat.
1179 1218 1259 1302 Quid
1278 1240 1314 1278 ea
1335 1218 1399 1280 Coe·

336 1329 428 1388 tinnis
457 1323 664 1388 arationibus?
692 1344 793 1402 nempe
820 1322 873 1381 lane
897 1322 1035 1402 placent,·
1055 1326 1085 1382 si
1103 1344 1164 1384 non
1183 1327 1356 1398 aniversae,
1374 1337 1399 1384 at

328 1443 433 1512 partes
458 1452 575 1508 caram,
591 1432 626 1490 in
646 1429 755 1508 quibas
774 1429 899 1488 nitorem
921 1436 949 1484 ct
969 1426 1160 1488 altitudinem
1175 1430 1282 1490 noram
1300 1440 1396 1510 tempo·

253 1563 257 1574 ·
333 1558 401 1597 ram
428 1540 625 1619 agnoscimus.
669 1534 776 1594 Sordes
805 1543 902 1593 autem
923 1533 1093 1608 verboram,
1113 1545 1141 1592 et
1158 1535 1247 1594 lions
1266 1536 1396 1613 compca·

335 1645 395 1717 tio,
414 1651 441 1699 et
460 1641 610 1700 inconditi
628 1659 748 1710 census,
764 1638 901 1717 referant
920 1638 1136 1717 antiquitatem.
1167 1639 1233 1698 Non
1251 1650 1297 1698 est
1315 1658 1392 1716 crgo,
1470 1625 1472 1714 l

336 1746 420 1827 qnod
440 1747 576 1831 mireris,
594 1745 687 1803 huius
706 1743 779 1802 libri
798 1743 938 1823 epistolas
957 1743 1068 1803 multas
1088 1743 1199 1802 habere
1215 1745 1395 1824 antiquitatis

333 1851 495 1924 formulas,
523 1849 620 1910 multa
646 1849 820 1929 proverbia,
849 1856 878 1908 et
906 1848 983 1924 alia,
1012 1849 1124 1927 quihus
1143 1849 1181 1907 de
1201 1849 1352 1908 industria
1368 1867 1393 1906 se

334 1956 438 2016 Cicero
448 1955 651 2015 abstinuerat:
672 1973 770 2035 quae,
791 1953 849 2013 nisi
871 1955 1095 2012 commentariis
1114 1953 1254 2027 adiutus,
1273 1953 1393 2030 autali-

333 2059 416 2120 unde
436 2079 548 2138 gnarus
567 2061 803 2139 antiquitatum,
830 2076 892 2116 non
915 2057 1005 2117 facile
1026 2058 1188 2136 intelliget.
1217 2057 1266 2117 td
1286 2059 1393 2118 histori-
1471 2091 1472 2096 κ

333 2185 382 2224 arn
409 2166 492 2246 quod
518 2166 641 2236 attinet,
670 2167 799 2243 scriptae
827 2173 898 2224 sunt
927 2163 1069 2242 epistolae
1088 2164 1250 2242 pleraeque
1268 2173 1339 2222 ante
1356 2166 1392 2222 ci-

333 2272 396 2330 rilc
416 2270 551 2341 bellum,
572 2289 607 2328 eo
625 2289 721 2344 anno,
742 2289 805 2348 quo
823 2268 925 2328 Cicero
947 2269 1109 2346 pmconsul
1126 2269 1264 2330 Ciliciam
1280 2271 1389 2348 prosin-

286 2433 289 2438 .
334 2377 424 2433 ciam,
438 2374 577 2451 regebat:
607 2392 668 2453 quo
696 2377 830 2453 tempore
858 2375 893 2434 ht.
918 2375 1037 2434 Coelius
1065 2377 1200 2454 prImum
1221 2374 1388 2434 candidatus

334 2479 498 2538 aedilitatis
518 2488 598 2551 erat,
621 2487 650 2538 et
670 2477 796 2558 adeptus
814 2480 942 2538 honores
960 2480 1222 2558 splendidissimos
1236 2479 1323 2539 ludos
1337 2479 1389 2538 edi·

248 2625 249 2632 .
334 2584 396 2660 dit,
424 2584 538 2663 quibus
564 2582 744 2662 apparandis
771 2583 944 2643 Ciceronem
969 2584 1112 2643 sollicitat
1134 2583 1173 2643 de
1193 2585 1343 2664 pantheris
1360 2584 1387 2642 in

333 2690 489 2770 provincia
509 2688 568 2748 sibi
586 2688 755 2768 capiendis,
774 2709 822 2768 ep.
841 2688 881 2749 ll.
902 2687 951 2747 Vl.
973 2688 1021 2749 IX.
1042 2697 1072 2747 et
1092 2689 1176 2747 alibI.

360 2795 429 2877 ,Per
454 2792 535 2854 idem
565 2803 684 2872 tempus
701 2792 819 2864 Parthi,
840 2791 945 2852 offensi
966 2793 1123 2852 invasione
1141 2793 1257 2867 Crassi,
1286 2794 1387 2874 Syriam

332 2899 517 2960 infestabant
545 2899 670 2957 traiecto
685 2897 847 2976 Euphrate.
889 2897 966 2956 lluie
987 2897 1069 2976 quod
1090 2901 1228 2979 proxima
1249 2908 1311 2959 erat
1329 2898 1387 2958 Cili-

332 3005 396 3078 cia,
417 3003 569 3062 Ciceronis
585 3003 758 3080 provincia,
774 3004 865 3062 etiam
887 3001 961 3060 huic
979 3001 1098 3083 aliquid
1118 3004 1190 3064 mali
1207 3004 1386 3064 metuebatur

333 3128 351 3168 a
367 3107 501 3167 Parthis:
520 3115 549 3166 et
568 3108 629 3164 iam
649 3125 754 3164 rumor
775 3114 838 3165 erat
857 3125 1085 3185 approperasso,
1101 3127 1148 3186 ep.
1171 3108 1205 3167 V.
1225 3117 1258 3168 et
1274 3108 1319 3167 VI.
1338 3105 1388 3166 Sed

333 3212 382 3272 illi
411 3231 472 3270 non
498 3209 602 3269 Parthi
632 3209 774 3280 fuerunt,
803 3228 909 3268 rerum
938 3193 1104 3288 praedones
1131 3215 1241 3272 Amani
1273 3213 1387 3286 montis,

334 3336 411 3398 qnos
430 3318 505 3376 vicit
527 3325 557 3376 et
577 3313 750 3394 perdomuit
769 3312 880 3372 Cicero.
922 3312 990 3374 Vid.
1011 3315 1064 3374 lib.
1083 3315 1142 3376 XV.
1164 3336 1209 3396 ep.
1229 3316 1278 3376 lV.

272 3402 277 3410 ¹
376 3424 448 3481 Orto
466 3416 560 3478 ,nielli
581 3417 680 3493 bello,
696 3416 815 3476 Coelius
835 3416 873 3474 ad
893 3416 1025 3476 Caesaris
1045 3428 1144 3506 partes
1161 3440 1194 3482 se
1211 3421 1387 3490 conferebat,

334 3529 491 3602 suasitque
514 3522 668 3596 Ciceroni,
696 3533 731 3582 ut
759 3524 840 3583 idem
868 3523 998 3584 faceret:
1028 3526 1066 3585 de
1086 3547 1148 3606 qua
1164 3548 1197 3588 re
1219 3537 1332 3588 exstant
1348 3545 1386 3604 ep.

336 3628 409 3688 XVI.
439 3638 468 3684 et
487 3625 576 3686 XVII.
599 3626 651 3685 sed
672 3629 801 3685 mutarit
822 3629 943 3688 tandem
965 3631 1135 3713 consilium.
1178 3633 1299 3693 Caesare
1317 3633 1388 3692 enim

335 3734 369 3791 in
390 3729 544 3790 Graeciam
564 3729 716 3806 profecto,
738 3729 872 3790 Coelium
892 3733 1003 3792 Rornae
1021 3745 1188 3813 praetorem
1205 3739 1386 3818 peregrinum

334 3835 476 3916 reliquit,
504 3833 685 3893 Trebonium
713 3835 863 3894 urbanum
894 3847 1071 3917 praetorem.
1114 3841 1234 3903 Coelius
1251 3863 1334 3922 aegre
1350 3839 1386 3898 fs·

248 3937 250 3940 ’
301 4015 302 4020 ¹
335 3958 405 4000 rens
433 3937 490 3996 sibi
518 3937 699 3997 Trebonium
722 3939 889 4019 praelatum
917 3961 998 4018 esse,
1019 3944 1125 4003 turbas
1144 3951 1323 4008 concitavit:
1343 3943 1388 4004 sed

336 4043 489 4104 cohibitus
507 4062 525 4101 a
541 4042 666 4102 consule
680 4043 821 4117 Servilio,
840 4046 878 4105 ad
895 4046 1036 4109 lIlilonem
1050 4051 1185 4112 exsulem
1204 4072 1236 4112 so
1253 4050 1385 4118 contulit,

336 4151 519 4209 instructum
539 4147 772 4224 gladiatoribus,
799 4149 927 4230 ahisque
946 4152 984 4211 ad
1004 4175 1138 4234 pugnam
1158 4171 1304 4237 paratum.
1339 4153 1388 4229 Qui

337 4255 412 4313 dum
436 4254 470 4310 in
489 4251 579 4310 ltalia
596 4252 799 4332 vagabantur,
821 4261 948 4332 uterque
967 4278 1127 4338 oppressus
1148 4271 1208 4322 est:
1230 4264 1268 4323 de
1287 4281 1343 4342 qna
1359 4275 1387 4316 re

336 4361 401 4440 ipsc
427 4357 508 4420 Caes.
535 4356 568 4418 B.
592 4355 622 4417 C.
648 4357 701 4418 lIb.
722 4356 776 4420 ΙΙΙ.
799 4377 864 4439 cap.
884 4358 925 4421 20
944 4381 1008 4444 sqq·
1051 4364 1143 4430 Initia
1167 4368 1260 4430 huius
1280 4362 1386 4428 tumul-
