3034 5166
271 667 274 674 ·
397 649 672 710 EPIM'OLA
723 653 877 712 XXIV.

493 749 791 818 mmmm

493 933 787 1004 mnsam.

141 1113 251 1210 Pulso
281 1161 320 1202 ex
347 1141 438 1203 Italia
467 1143 611 1223 Pompeio
640 1143 745 1205 Cioero
779 1144 819 1205 ad
850 1145 986 1206 Caelium
1016 1149 1178 1227 scripserat

100 1247 263 1328 epistolam
291 1245 384 1329 (quae
410 1245 529 1328 periit),
558 1249 591 1306 in
619 1267 682 1330 qua
705 1248 745 1308 de
766 1249 914 1329 perieulis
933 1258 1077 1330 questus,
1097 1269 1178 1330 quas

100 1348 136 1410 in
167 1347 227 1410 hae
251 1349 335 1411 orbis
362 1359 513 1412 terrarum
531 1349 762 1429 perturbatione
778 1353 924 1413 omnibns
941 1355 1176 1434 impendebant,

99 1451 142 1512 de
174 1472 232 1514 suo
267 1453 396 1515 oonsilio
427 1455 586 1535 soripdsse
619 1456 751 1516 ridetur.
792 1455 841 1516 Ad
867 1457 949 1516 hano
977 1456 1097 1516 Caelius
1124 1473 1177 1516 re-
1225 1471 1229 1480 ’

98 1558 273 1636 spondens,
309 1567 395 1638 rogat
423 1559 599 1620 Cioerouem
630 1568 667 1619 ut
691 1560 785 1620 saluti
812 1578 898 1620 usuamv
911 1560 1071 1622 eonsulsre
1097 1579 1177 1620 neve

98 1679 133 1721 se
162 1662 204 1722 ad
234 1663 411 1742 Pompeium
438 1663 578 1724 oouferre
604 1663 680 1722 velit
708 1662 742 1744 5.
770 1662 799 1724 1.
839 1663 927 1739 Quod
956 1673 993 1724 ut
1021 1665 1081 1744 ipsi
1108 1683 1175 1744 per·

98 1765 245 1844 suadeat,
274 1765 363 1826 donet
391 1769 548 1846 primum,
578 1768 734 1828 Caesarem
770 1787 835 1828 esse
862 1770 995 1844 iratum,
1025 1787 1082 1828 neo
1107 1767 1174 1827 fore
1234 1767 1238 1784 ⁸

97 1869 307 1948 deprecationi
337 1871 441 1931 losum
469 1870 501 1952 5.
530 1871 559 1931 2.
585 1871 697 1931 deinde
727 1871 862 1931 ostendit
888 1872 1081 1942 Ciceronem,
1112 1869 1174 1929 nisi

94 1972 234 2052 Pompeii
267 1979 374 2054 partes·
405 1975 580 2056 relinquat,
618 1985 650 2035 et
683 1993 770 2035 suam
800 1984 832 2035 et
860 1993 987 2036 suorum
1016 1971 1173 2033 fortumm

97 2093 162 2137 esse
192 2077 405 2156 neglecturum
433 2078 465 2160 5.
496 2079 526 2140 3.
560 2088 726 2160 monetque
753 2097 891 2141 summae
917 2079 1067 2140 stultitiae
1093 2095 1174 2150 ssss,

94 2180 201 2244 fauere
226 2192 333 2244 eontra
359 2184 507 2245 viatorem
532 2192 563 2243 et
594 2183 739 2246 aooedere
763 2184 804 2244 ad
834 2184 955 2262 fugatos
978 2182 1010 2264 5.
1037 2182 1067 2246 4.
1096 2183 1171 2258 Qui-

95 2286 154 2346 hus
181 2287 275 2348 rebus
302 2290 329 2347 si
360 2287 498 2348 nondum
526 2297 686 2350 moveatur
711 2289 832 2370 Cicero,
858 2288 968 2349 suadet
993 2289 1023 2348 ei
1053 2284 1172 2346 Caelius

97 2402 132 2452 ut
168 2399 291 2452 maneat
328 2393 437 2452 saltem
473 2393 564 2466 dum,
602 2393 682 2474 quid
717 2395 755 2454 de
788 2392 939 2472 Hispaniis
969 2391 1086 2451 fastum
1112 2391 1171 2465 sit,

93 2493 215 2557 sciatur
240 2493 271 2576 5.
303 2495 331 2555 6.
363 2503 394 2554 et
422 2514 455 2556 se
484 2496 546 2556 iam
573 2515 591 2556 a
617 2493 741 2556 Caesare
769 2496 891 2575 petiisse
916 2496 1057 2570 nuntiat,
1085 2500 1121 2553 nt
1144 2492 1171 2551 is

97 2603 199 2680 ipsum
229 2617 286 2680 per
312 2599 415 2659 literas
443 2597 482 2659 ad
505 2599 728 2660 remanendum
747 2607 951 2660 commoveret
968 2596 999 2678 5.
1019 2597 1050 2659 6.
1076 2597 1171 2658 Porro

96 2706 179 2766 veile
214 2723 248 2764 se
287 2711 478 2784 praesentem
516 2703 576 2764 hoo
613 2721 631 2762 a
664 2701 809 2763 Gioerone
840 2702 1025 2766 contendere
1054 2703 1171 2764 fatetur

94 2809 233 2886 Caelina,
271 2809 301 2868 si
331 2807 422 2868 modo
449 2823 511 2868 nou
539 2827 558 2868 a
585 2805 710 2870 Caesare
737 2807 901 2868 duoeretur
930 2810 964 2868 in
992 2806 1169 2886 Hispaniam

93 2913 129 2996 §a
152 2913 183 2974 ⁷.
234 2912 440 2986 Postremum,
480 2913 508 2971 si
540 2911 620 2972 forts
650 2913 846 2991 optimatium
875 2911 1003 2971 vocibus
1031 2929 1169 2970 eommo-

94 3025 220 3092 veatur,
245 3016 353 3078 suadet
378 3025 415 3076 ut
442 3035 475 3076 se
504 3017 538 3077 iu
567 3014 692 3096 aliquod
715 3013 865 3094 oppidum
894 3011 1015 3075 abello
1033 3031 1168 3076 vaenum

91 3121 221 3201 resipiat
241 3119 272 3200 5.
294 3119 323 3183 8.

128 3330 251 3410 'Soripta
271 3328 397 3390 videtur
418 3329 501 3390 oiroa
526 3329 573 3390 Id.
602 3327 692 3409 Apu,
724 3327 832 3388 scribit
862 3329 945 3388 enim
972 3325 1002 3410 5.
1031 3323 1061 3388 7.
1092 3350 1107 3385 n
1120 3325 1166 3386 Mo

94 3452 192 3494 soson
215 3434 253 3492 is
282 3431 464 3513 Hispaniam
495 3433 580 3492 ducit
609 3432 745 3494 esaar?
787 3433 853 3494 Iam
883 3451 953 3497 vero
982 3432 1034 3494 hio
1061 3435 1096 3492 in
1117 3433 1165 3490 iti·

93 3557 165 3599 nere
202 3545 267 3600 erat
300 3557 347 3598 rs.
382 3538 449 3599 Kal.
484 3538 592 3614 linias,
622 3546 659 3598 ut
685 3543 810 3617 apparet
837 3555 875 3596 su
894 3535 1045 3615 epistola,
1070 3553 1166 3614 mana
1227 3582 1230 3588 ,

91 3643 186 3704 Caelii
222 3650 331 3722 rogatu
367 3642 425 3726 (cf.
462 3642 492 3724 5.
531 3641 573 3725 6.)
607 3643 714 3704 Caesar
748 3643 870 3722 scripsit
899 3639 940 3701 ad
970 3639 1165 3718 Cioerousm

92 3761 171 3829 quae
197 3756 336 3808 servatur
362 3749 444 3807 inter
463 3743 538 3828 Epp.
556 3747 596 3809 ad
614 3747 678 3810 An.
701 3747 735 3806 X.
762 3746 791 3807 8.
811 3745 845 3807 Β.
866 3779 905 3791 -
926 3745 1089 3824 Propterea
1109 3746 1162 3804 rix

93 3851 223 3912 dubium
259 3860 305 3912 est
343 3853 421 3932 quin
455 3871 507 3928 ea,
543 3871 622 3932 quoe
662 3853 818 3932 sequitur,
850 3847 1003 3914 Ciceronis
1036 3845 1166 3932 epistola

88 3953 200 4038 (XXV.)
220 3957 323 4018 statim
344 3957 384 4017 sit
404 3957 558 4036 rescripta
