2978 5186
617 377 678 436 179

106 589 299 662 derareriru3
335 587 419 666 quod
452 587 600 644 honestum
630 587 705 645 dicit
728 607 808 659 rum,
830 604 921 668 quam
940 588 1043 672 Cinero
1062 592 1100 652 ad
1116 591 1178 652 An.
1270 605 1277 614 '

104 694 155 752 VI.
188 693 223 751 1.
235 692 361 772 foedum
391 691 517 750 iudicat.
558 691 633 750 Inde
659 710 714 770 pro
742 702 825 751 serto
853 702 984 754 statuere
1004 694 1179 773 possumus,

103 799 246 876 speeiem·
267 796 373 858 saltem
401 795 538 875 aliquam
563 795 763 875 turpitudinis
790 798 822 854 in
845 798 904 856 isto
925 801 1046 875 negotio
1065 799 1178 875 fuisse,
1280 817 1283 824 ‘

103 913 141 960 ut
159 903 276 961 reotius
294 903 353 960 sit:
371 921 425 958 noo
444 911 541 979 turpe,
560 899 610 958 rel
631 919 684 957 neo
704 900 898 959 inhonestam.
1053 904 1178 964 Warsrn.

149 1008 261 1064 istae
302 1006 424 1063 venit.
476 1003 635 1080 Beugelius
662 1004 693 1076 h.
720 1004 740 1064 l.
768 1005 864 1063 edidit
892 1007 964 1064 istoc
994 1009 1084 1068 vonit.
1133 1009 1179 1069 Itu

105 1131 234 1192 quoque
271 1111 304 1169 in
344 1109 464 1168 duobus
505 1110 728 1188 antiquioribus
758 1111 805 1169 Dr.
838 1095 909 1170 I'et
936 1112 966 1171 11
997 1123 1027 1172 et
1052 1113 1119 1174 Asc.
1152 1119 1179 1174 1.

103 1191 225 1276 inveni.
268 1214 378 1274 Eodem
410 1213 500 1272 modo
529 1214 675 1272 Graevius
702 1231 792 1292 supra
818 1215 868 1293 Ep.
895 1212 943 1274 lv'.
965 1215 1179 1297 5.1.[h.Ed.

103 1323 140 1380 V'.
166 1322 208 1401 1.]
229 1319 378 1378 librorum
399 1321 578 1377 auctoritate
596 1329 678 1378 reete
702 1320 854 1380 ediderat:
871 1323 946 1378 istoc
959 1315 1156 1400 perforantur
1164 1347 1178 1396 ;

104 1437 201 1506 atque
222 1427 256 1483 in
278 1421 330 1502 Ep.
354 1421 429 1481 Vlll.
459 1421 488 1502 5
514 1421 562 1482 29.
592 1421 893 1506 [h.lld.Vlll.10.]
922 1428 1012 1484 etiam
1030 1427 1077 1486 Ilr.
1096 1430 1127 1500 l,
1149 1431 1179 1488 ll
1266 1504 1270 1510 β
1373 1503 1375 1506 Ι

103 1534 298 1610 seripserunt
319 1527 478 1586 Philonem
497 1529 571 1584 istoc
592 1529 672 1587 misi.
1039 1533 1180 1594 Bauium,

147 1633 179 1716 5.
200 1633 232 1693 6.
277 1630 553 1690 Contristoait.
597 1629 795 1705 Commetare,
818 1633 970 1710 hotraibeo,
984 1625 1072 1696 ¹steht
1092 1639 1180 1698 Klas-

105 1741 193 1800 sisoh
232 1759 292 1797 nar
334 1737 384 1796 bei
403 1787 405 1794 .
424 1738 542 1796 Coelius
569 1736 614 1818 (in
645 1737 707 1798 (lio.
734 1739 812 1797 Fam.
841 1739 920 1798 VIII.
947 1739 988 1822 9.)
1011 1755 1094 1802 sonat
1122 1765 1182 1804 nur

103 1822 488 1912 Naolr-Klaasisomund
515 1842 624 1900 hoohst
652 1842 767 1920 salton3
795 1844 874 1902 auch
905 1847 943 1902 ist
971 1865 1002 1904 es
1026 1867 1100 1925 ganz
1119 1869 1180 1905 un·

106 1951 228 2027 nothig.
1083 1951 1179 2011 Karas.

146 2054 177 2136 5.
199 2054 229 2114 7.
274 2053 513 2114 Calidius--
545 2057 638 2133 fait
680 2051 1040 2116 disertissimos·-
1071 2062 1178 2117 sotis

98 2161 221 2242 frigi
230 2159 310 2218 dus.
352 2158 577 2218 Dt‘sertissimus
602 2171 631 2220 et
654 2163 729 2219 sotis
739 2160 882 2242 frigidus
910 2179 972 2220 non
995 2164 1100 2221 vitiose
1126 2183 1177 2243 op-

106 2273 279 2345 ponuntur.
321 2263 379 2322 Sed
406 2257 533 2324 fortasse
559 2265 610 2323 hio
638 2265 756 2324 Coelius
775 2267 813 2325 ad
835 2266 945 2326 Calidii
962 2271 1181 2329 nomensimul

105 2371 247 2430 alludere
276 2369 383 2428 voluit.
426 2368 512 2442 Quod
543 2371 568 2426 si
591 2375 633 2428 itu
650 2379 715 2440 est,
740 2370 851 2430 melius
869 2372 1005 2433 finxisset
1022 2375 1089 2434 ioco
1109 2374 1182 2433 Fri·

106 2475 194 2556 gilii
215 2491 337 2533 nomen.
1056 2479 1180 2540 Warsnr.

564 2621 730 2648 ’‘Ciu—-

425 2803 645 2862 lonso.
699 2806 860 2896 VIII·

146 2993 295 3056 llounalli
319 2993 399 3052 hano
427 2993 586 3071 epistolam
610 2995 663 3053 vix
693 2993 817 3072 dignam
846 2993 1038 3075 habuerunt,
1062 2998 1177 3078 inqua

108 3099 295 3182 explicanda
326 3099 534 3174 elaborarent5
563 3117 624 3177 quo
651 3100 738 3171 iure,
768 3099 827 3178 ipsi
854 3100 994 3160 viderint.
1036 3103 1066 3161 Si
1097 3123 1177 3163 oom-

106 3209 204 3288 plura
239 3205 402 3287 depravata
434 3213 524 3276 sunt,
558 3206 584 3262 si
619 3203 768 3282 quaedam
802 3207 1036 3268 eonsuetudines
1063 3208 1122 3268 fori
1148 3218 1178 3269 et

106 3315 215 3372 curiae
239 3310 326 3370 nobis
352 3311 453 3368 minus
481 3317 589 3379 notae,
617 3309 699 3378 unde
726 3309 888 3368 vernorum
914 3312 1088 3372 intellectus
1105 3333 1177 3392 pen·

108 3419 201 3476 deat:
241 3423 376 3474 nostram
415 3415 513 3472 vicem
537 3413 656 3500 dolere,
687 3412 823 3472 Coelium
852 3423 953 3474 autem
984 3425 1176 3478 contemnere
1270 3475 1273 3480 .

104 3541 172 3582 non
201 3520 356 3578 debemus.
397 3519 483 3593 Quod
511 3529 613 3586 autera
641 3537 696 3597 pro
723 3520 840 3579 ratione
867 3522 1001 3580 instituti
1025 3523 1121 3581 nostri
1140 3525 1175 3580 in

106 3625 238 3704 Analysi
262 3644 351 3703 agero
373 3623 536 3697 debemus,
565 3622 599 3680 id
620 3632 654 3682 ut
669 3622 822 3701 agamus,
849 3644 911 3683 non
938 3625 1070 3686 multum
1087 3627 1175 3687 nohis
1281 3667 1283 3674 ·

105 3737 188 3796 Iuris
206 3742 251 3793 est
272 3734 304 3790 in
324 3732 416 3790 talem
438 3729 605 3809 epistolam.

122 3843 124 3850 ’
149 3839 229 3898 Cum
262 3837 406 3917 pleraque
436 3835 475 3894 ad
500 3833 643 3892 narrandi
674 3852 777 3916 genus
795 3836 983 3914 pertineant,
1014 3836 1047 3896 in
1076 3839 1175 3916 operis

105 3963 232 4006 summa
253 3941 317 4000 fore
344 3942 447 4000 omnia
471 3940 509 3998 ad
539 3939 620 4016 leges
648 3939 744 3998 honae
771 3942 952 4000 narrationis
977 3944 1097 4019 exigere
1124 3944 1174 4002 de-

103 4051 234 4108 bemus:
269 4057 299 4104 et
334 4047 377 4104 sio
419 4044 506 4103 nohis
540 4043 681 4131 epistola,
711 4052 746 4103 ut
773 4043 811 4101 ad
836 4044 1017 4104 farniliarem
1042 4049 1173 4127 scripta,

101 4173 171 4215 uon
194 4153 297 4230 inepta
325 4150 454 4208 videtur.
497 4149 527 4207 Si
551 4167 729 4226 ¹comparare
755 4149 943 4208 voluerimus
961 4149 1111 4211 Ciceronis
1133 4153 1172 4212 ad

101 4259 244 4318 Altinum
268 4257 301 4314 in
326 4256 419 4313 simili
446 4275 478 4314 re
508 4252 548 4336 (v.
571 4275 600 4332 g.
626 4255 651 4313 I.
679 4252 739 4334 16.)
768 4255 912 4334 scriptas,
945 4275 994 4315 eas
1017 4257 1168 4318 faciliores

101 4362 236 4442 quidem
253 4356 452 4442 (flieasaader)
476 4368 506 4422 et
529 4359 688 4440 meliores,
701 4358 820 4422 easdem
845 4367 946 4422 tamen
969 4363 1110 4423 simfliter
1127 4383 1172 4422 ar-

938 4493 1053 4555 *12*
