3034 5166
689 388 728 450 et

175 601 272 697 apud
309 611 344 672 te
375 622 461 691 nos,
496 601 524 670 si
557 601 608 672 vir
643 600 814 694 optimus,
848 621 953 693 gener
983 611 1086 694 tuus,
1108 601 1215 677 valet*
1228 632 1240 674 a

174 744 349 824 quorum²
384 729 579 800 lormnam⁸
612 751 682 798 non
703 725 920 813 debesrelle
944 727 1172 821 conturbare,
1196 742 1237 802 ut

173 885 252 932 eam
290 883 447 948 eausam,
483 858 520 926 in
557 856 680 928 cuius*
725 855 864 926 victoria
897 855 988 926 salus
1019 873 1132 932 nostra
1165 875 1239 952 est,

172 965 292 1059 odisse
315 998 376 1057 aut
408 985 602 1079 relinquere
635 1008 794 1078 cogamur
830 996 890 1056 aut
933 986 1073 1082 impiam
1107 990 1240 1084 eupidi-

172 1127 280 1187 tatem
315 1126 433 1185 eontra
471 1113 616 1186 salutem
644 1123 740 1184 tuam
765 1112 964 1184 habeamus.
1012 1109 1049 1183 4.
1082 1114 1239 1212 Denique

172 1242 263 1314 illud
297 1243 425 1338 cogita:
449 1241 544 1336 quod
566 1239 710 1312 offensae
731 1239 892 1309 fueritin
914 1238 977 1308 ista
1000 1219 1238 1333 annotatione,

174 1381 238 1440 te⁸
272 1369 423 1440 subisse:
457 1390 550 1438 nune
588 1379 623 1438 te
648 1377 765 1439 contra
786 1366 950 1436 rictorem
981 1364 1114 1454 faeere,
1134 1390 1239 1461 quem

172 1496 291 1568 dubiis
307 1495 426 1570 ‚rebus
459 1485 595 1566 laedere
627 1493 788 1582 noluisti,
824 1503 859 1562 et
885 1491 1009 1590 adeas
1029 1491 1162 1588 fugatos
1186 1518 1240 1566 ao·
1348 1539 1357 1560 .

171 1625 323 1713 cedere,
367 1647 451 1718 quos
496 1625 688 1694 resistentes
735 1622 832 1716 sequi
877 1621 1050 1711 nolueris,
1086 1645 1238 1696 summae

171 1751 341 1822 stultitiae
385 1762 448 1822 est.
520 1751 629 1842 Vide,
675 1773 741 1842 ne,
778 1750 863 1830 dum
896 1750 1009 1845 pudet
1043 1761 1078 1820 te
1113 1773 1236 1845 parum

174 1881 378 1974 optimatem
408 1901 502 1968 esse,
538 1900 660 1971 parum
695 1878 901 1973 diligenter,
937 1877 1023 1975 quid
1048 1880 1238 1972 optimum⁸

173 2008 245 2098 sit,
265 2007 379 2102 eligas

224 2132 257 2204 5.
302 2133 407 2224 Quod
441 2132 469 2202 si
504 2143 616 2206 totum
643 2134 708 2207 tibi
740 2134 945 2230 persuadere
979 2160 1049 2207 non
1079 2157 1237 2232 possum:

171 2265 313 2354 saltem,
349 2264 459 2352 dum,
493 2264 579 2358 quid
620 2265 665 2335 de
701 2263 871 2359 Hispaniis
915 2289 1074 2359 agamus,
1110 2264 1238 2356 scitur,

168 2403 353 2486 exspecta,
390 2416 484 2487 -quas
529 2393 594 2464 tibi
638 2395 760 2464 aruntio
799 2391 951 2462 adventu
986 2394 1134 2466 Caesaris
1166 2391 1240 2465 fore

170 2529 312 2592 nostras.
362 2517 472 2606 Quam
507 2519 562 2588 isti
597 2542 693 2614 spem
717 2501 865 2590 habeant
890 2520 1018 2590 amissis
1043 2519 1235 2616 Hispaniis,

168 2651 323 2750 nescio&
345 2648 445 2736 Quod
479 2673 581 2742 porro
618 2660 718 2719 tunm
751 2648 931 2719 eonsilium
967 2649 1011 2718 sit
1045 2648 1089 2719 ad
1114 2648 1236 2744 despe-

168 2790 261 2849 ratos
292 2773 475 2864 accedere,
503 2800 572 2847 non
604 2765 737 2845 medius
761 2775 864 2846 fidius
884 2775 1028 2870 reperio.
1077 2771 1114 2844 6.
1139 2773 1233 2864 Hoc,

166 2905 266 2999 quod
296 2915 335 2975 tu
371 2927 440 2975 non
476 2902 623 2974 dicendo
657 2902 741 2971 mihi
766 2900 984 2994 significasti,
1019 2900 1139 2970 Caesar
1169 2923 1232 2970 au·

169 3033 301 3124 dierat,
339 3055 402 3121 ae,
440 3029 672 3123 simulatque,
705 3027 816 3118 have,
850 3027 935 3097 mihi
970 3027 1081 3116 dixit,
1117 3027 1233 3098 statim

165 3161 257 3258 quid
293 3159 338 3232 de
373 3171 408 3231 te
441 3156 611 3246 audisset,
645 3156 811 3250 exposuit.
874 3155 998 3250 Negavi
1037 3179 1093 3226 me
1127 3156 1233 3227 seire:

165 3290 256 3362 sed⁷
289 3301 402 3358 tamen
434 3287 479 3357 ab
516 3311 556 3358 eo
590 3286 699 3379 petii,
733 3295 774 3354 ut
794 3283 838 3354 ad
863 3296 898 3354 te
922 3284 1035 3354 literas
1056 3284 1232 3374 mitteret,

166 3416 298 3510 quibus
332 3414 476 3484 maxime
512 3412 554 3482 ad
592 3411 837 3482 remanendum
870 3412 1077 3482 commoveri¹
1108 3434 1231 3504 posses·

167 3542 206 3616 7.
242 3542 297 3613 Me
334 3564 448 3612 secum
483 3539 518 3609 in
553 3539 751 3634 Hispaniam
780 3537 889 3607 ducit.
938 3537 1047 3628 Nam,
1086 3538 1149 3608 nisi
1184 3539 1232 3607 ita

125 3697 129 3704 ·
165 3667 317 3754 faceret,
365 3689 427 3758 ego
472 3664 589 3758 prins,
634 3687 739 3758 quam
776 3665 821 3737 ad
854 3666 976 3738 urbem
1011 3665 1231 3756 aeoederem,

217 3902 258 3969 (1)
277 3929 312 3942 ·-·
328 3901 443 3954 volemus
461 3899 513 3951 ln.
532 3897 615 3951 Luen·
650 3899 690 3968 (2)
717 3930 752 3942 -
774 3917 864 3953 eorum
883 3902 949 3970 (Aa.
974 3900 1229 3972 Edd.'pleraeque.)

161 3990 260 4042 Lamh.
283 3991 367 4041 Luen.
387 3989 441 4042 Sed
457 3991 503 4040 alr.
524 3989 605 4041 tostii
632 3989 705 4057 Spes.
730 3990 756 4042 1.
773 4009 801 4060 p.
821 3991 861 4042 16.
905 3992 945 4062 (3)
974 3991 1019 4044 sie
1037 3991 1088 4042 lld.
1113 3991 1181 4044 vict.
1201 3994 1227 4045 1.

159 4080 264 4136 Bened.
281 4081 366 4131 Luen.
386 4080 427 4147 (ut
444 4089 482 4132 est
501 4079 553 4131 Aa.
577 4079 623 4128 cfr.
642 4080 678 4148 ud
697 4081 759 4131 Aet.
783 4081 834 4144 11,
860 4080 886 4132 9.
906 4082 1023 4147 fortatna
1042 4084 1114 4134 omni
1131 4084 1230 4149 spolia-

160 4169 246 4237 tam).
263 4197 298 4208 -
310 4170 440 4234 fortunas
457 4167 527 4219 orat.
546 4167 612 4218 vra.
630 4169 655 4218 a
674 4167 765 4220 namn.
783 4151 878 4222 esta
896 4169 959 4222 usn.
970 4169 1032 4222 san.
1069 4170 1228 4240 (ηερ...-

157 4257 354 4310 insuavia.
371 4259 397 4309 2.
415 4257 513 4309 Beued.
548 4257 589 4326 (5)
606 4285 641 4296 -
656 4260 680 4309 te
692 4261 771 4328 priua
785 4258 855 4317 Crat.
873 4258 964 4319 Lamb.
1001 4260 1042 4328 (6)
1060 4291 1094 4302 -
1110 4260 1227 4328 optima·

157 4352 221 4398 tum
237 4343 330 4399 lamb.
375 4346 415 4416 (7)
440 4365 477 4399 <v
496 4363 549 4399 om.
567 4346 612 4398 sed
625 4346 678 4399 rto.

915 4429 1076 4528 „s
