3034 5166
425 565 700 646 remronri
749 587 860 642 nx.

528 682 786 750 mmmm

400 839 402 844 '
500 841 795 911 Argumentum.

147 988 411 1087 Sollicitudinem
431 1038 515 1078 snam
532 1019 718 1081 demonstrat
738 1021 842 1082 Cicero
859 1022 899 1081 ob
910 1041 957 1082 res
968 1023 1137 1109 urbanas§.
1151 1029 1177 1090 1.

106 1120 148 1178 de
166 1121 282 1200 quibus
299 1142 396 1202 quum
413 1123 491 1181 nihil
509 1123 665 1183 literarum
685 1145 703 1184 n
728 1123 829 1185 Caelio
852 1130 1017 1208 acceperit,
1039 1131 1180 1194 hortatur

107 1227 213 1302 ipsum
234 1235 269 1284 ut
289 1225 327 1285 de
344 1227 426 1285 omni
446 1236 528 1286 statu
546 1229 590 1288 rei
607 1229 750 1309 publicae
767 1229 881 1290 scribat
897 1230 928 1310 5.
951 1229 980 1291 2.
1022 1232 1116 1295 Addit
1142 1237 1181 1298 de

104 1313 250 1408 brogaria
277 1335 305 1388 a
333 1331 487 1406 reilana,
511 1347 588 1411 quoa
614 1333 733 1394 cacum
763 1337 796 1394 in
824 1336 962 1396 cuinam
981 1341 1104 1400 misera
1122 1340 1179 1422 (cr.

103 1433 156 1512 Ep.
186 1433 264 1494 Vlll.
294 1431 372 1514 lu),
393 1435 503 1496 itinere
522 1435 551 1516 5
574 1436 603 1498 3.
643 1439 781 1518 Denique
798 1439 937 1500 hortatus
964 1441 1119 1519 Caelium,
1138 1465 1178 1508 ne

102 1539 306 1618 provinciales
336 1539 467 1598 honores
497 1540 622 1600 urbanis
652 1543 881 1620 magistratibus
907 1544 1076 1622 praeferat,
1091 1546 1175 1608 dolet

102 1643 189 1722 quod
214 1643 274 1700 sibi
303 1662 364 1702 non
393 1643 515 1704 licuerit
540 1647 573 1703 iu
603 1646 679 1705 urbe
704 1666 826 1712 manere
848 1645 877 1727 5
906 1646 933 1708 4.
955 1649 1041 1708 urbis
1062 1653 1177 1731 quippe

101 1724 224 1808 fruclus
241 1747 455 1826 praeferendos
476 1766 540 1809 esse
557 1769 683 1810 censens
703 1752 879 1829 provinciae
898 1760 928 1811 et
949 1753 998 1810 rel
1019 1754 1177 1834 triumpho

100 1850 129 1933 5.
151 1853 180 1911 5.
220 1850 368 1911 claudens
386 1852 545 1930 epistolam
555 1897 565 1930 ,
583 1859 669 1932 rogat
690 1854 804 1913 iterum
825 1865 860 1913 ut
880 1855 1002 1914 obviarn
1023 1857 1084 1915 sibi
1102 1859 1175 1918 lite-

101 1972 154 2015 ras
173 1955 276 2014 mittat
295 1953 324 2034 5.
346 1954 376 2016 6.

146 2164 228 2223 Ilanc
253 2162 416 2243 Epistolam
443 2164 547 2224 Cicero
565 2166 765 2245 scripsitque
783 2168 996 2244 temporeiam
1016 2167 1055 2227 de
1075 2168 1177 2231 deces-

101 2271 188 2328 sione
215 2269 386 2346 cogitabat,
414 2265 498 2348 quod
525 2271 567 2328 nit
595 2267 686 2350 52.
731 2267 827 2350 Quare
848 2271 923 2346 etsi,
943 2290 1035 2349 quum
1052 2283 1084 2332 tu
1105 2275 1176 2334 daec

100 2375 198 2455 leges,
219 2393 273 2454 ego
295 2372 358 2431 iam
381 2393 516 2439 aunuum
540 2393 648 2431 munus
668 2373 842 2452 confecero:
856 2383 955 2432 tanuen
975 2377 1079 2438 obviae
1099 2381 1176 2439 milri

98 2481 191 2538 aelim
211 2481 273 2537 siut
288 2485 355 2537 tuae
374 2479 495 2554 literae,
515 2497 589 2556 quae
609 2497 654 2535 use
675 2477 816 2536 erudiant
836 2479 870 2536 de
889 2482 971 2540 omui
985 2467 1172 2562 republica,

99 2601 138 2646 ue
156 2583 356 2665 hespesplour
375 2585 493 2642 eeuicm
503 2605 517 2655 ;
536 2591 566 2641 ct
581 2581 610 2663 5.
631 2583 661 2642 6.
706 2581 780 2658 Sed,
794 2593 828 2641 ut
843 2603 927 2663 spero
936 2629 946 2660 ,
954 2589 1128 2666 propediem
1145 2597 1172 2648 te

97 2691 214 2750 videbo.
255 2690 298 2748 De
316 2709 419 2750 annuo
434 2697 535 2748 nutem
557 2705 683 2746 munere
700 2707 794 2766 prope
812 2687 950 2748 confecto
968 2689 1173 2754 scriberenon
1268 2731 1270 2739 ι

96 2795 200 2875 potnit
218 2801 287 2852 ante
305 2793 374 2853 Iun.
395 2793 475 2851 med.
492 2811 563 2851 nam
585 2811 682 2851 annus
699 2792 896 2871 provincialia
917 2793 996 2870 prid.
1014 2794 1080 2854 Kal.
1092 2797 1171 2856 Sext.

97 2901 275 2978 inceperat,
305 2917 368 2978 quo
393 2897 444 2955 di'e
471 2915 504 2954 se
528 2896 707 2956 Laodiceam
734 2897 852 2954 venisse
870 2893 978 2952 scribit
996 2897 1035 2953 ad
1055 2897 1117 2956 Ast.
1138 2897 1172 2957 V.

99 3002 152 3062 15.
179 3002 206 3060 1.
229 3035 281 3054 -.
296 3001 332 3060 Et
368 3002 491 3060 videtur
528 3001 604 3058 haec
637 2998 769 3077 Epistola
798 3015 833 3054 ea
854 2998 963 3054 castris
991 3000 1082 3059 misso
1110 3020 1175 3061 esse

96 3123 162 3166 una
184 3123 256 3164 cum
281 3104 409 3184 epistola
434 3103 473 3164 ad
502 3104 565 3164 Att.
593 3102 643 3183 VI.
662 3101 691 3160 3.
712 3103 744 3159 in
761 3117 823 3179 qua
841 3115 911 3160 eum
931 3101 969 3160 ad
990 3109 1087 3164 castra
1107 3107 1170 3168 iarn

96 3213 273 3290 pervenisse
302 3209 433 3287 legisses
456 3206 484 3288 5.
503 3205 531 3266 6.
575 3208 610 3264 ln
638 3215 768 3283 utraque
794 3224 826 3264 se
844 3222 947 3264 rerum
965 3205 1169 3268 Romanarum

97 3319 243 3394 ignarum
264 3313 429 3372 admodum
447 3311 609 3388 significat.
640 3307 686 3367 De
706 3308 831 3366 urbanis
851 3304 937 3365 rebus
959 3307 1171 3388 seilicerplura

97 3431 131 3476 tu
152 3421 231 3477 scis:
249 3421 292 3478 ita
310 3417 417 3476 scribit
438 3419 470 3474 iu
490 3415 544 3473 illa
564 3415 602 3472 ad
619 3413 756 3472 Atticum
786 3410 912 3489 epistola
935 3407 965 3490 5.
992 3409 1021 3468 4.
1051 3415 1170 3490 saepius

99 3535 128 3580 st
154 3493 282 3582 certiora
310 3521 405 3580 audis.
448 3519 598 3598 Equidem
622 3517 703 3576 doleo
722 3534 785 3592 ‚uam
806 3515 928 3572 metuis
946 3514 1042 3572 literis
1062 3519 1171 3576 certio—

96 3645 161 3684 rem
171 3625 255 3704 sieri.
297 3624 366 3683 Ilua
382 3626 462 3682 emim
476 3623 579 3682 odiosa
590 3621 789 3700 efferebantur
799 3620 833 3678 de
845 3616 988 3694 Caeam,
1000 3619 1034 3678 de
1044 3620 1170 3681 Paullo:

96 3729 159 3788 ueri
189 3750 248 3808 quo
275 3729 370 3787 ullum
394 3727 564 3807 periculum
590 3725 708 3784 videam
727 3734 822 3786 stante
838 3724 1000 3802 Pompeio,
1016 3726 1063 3784 cel
1080 3730 1172 3788 etism

96 3835 216 3892 sedeate
226 3856 241 3906 ,·
264 3833 362 3892 caleat
381 3833 484 3890 mode:
505 3833 557 3889 sed
574 3830 734 3888 mehercule
754 3827 895 3887 Curionis
916 3835 943 3886 el
963 3830 1079 3906 Paulli,
1096 3854 1170 3892 ueco—

97 3960 166 3997 rum
188 3937 419 4018 familiarium,
447 3939 542 3994 vicem
572 3935 661 3994 doleo.
706 3933 843 3992 lai-mam
864 3932 962 4014 igitur
981 3933 1057 3992 milei
1079 3941 1171 3996 totius

97 4042 319 4121 reipublicae,
350 4044 378 4099 si
399 4043 462 4100 iem
482 4062 512 4098 es
532 4039 644 4098 Rornae
665 4049 827 4116 culquam
846 4036 1030 4110 eris,eelim
1050 4041 1169 4114 mittas,

97 4167 173 4226 quae
201 4147 280 4206 milri
300 4141 419 4206 ebrium
436 4147 555 4220 acciat,
580 4165 615 4202 ea
635 4164 694 4223 qua
711 4163 755 4200 me
767 4143 885 4222 fingere
900 4143 1015 4221 possim
1035 4154 1063 4202 et
1079 4165 1168 4224 prae-

97 4252 241 4310 meditari
251 4295 259 4324 ,
279 4271 338 4330 que
356 4252 457 4308 anime
476 4248 614 4309 accedam
632 4248 671 4304 nd
690 4247 798 4306 urbem.
841 4244 898 4304 Est
922 4248 1001 4307 euim
1024 4248 1165 4326 quiddam

93 4355 301 4419 advenientem
321 4374 381 4413 mea
401 4375 462 4412 esee
477 4354 670 4434 peregrimum
691 4362 778 4430 atque
799 4350 949 4429 hospitem.

1212 4503 1396 4630 .—
