3012 5182
637 391 677 452 25

128 599 217 698 quid
241 603 396 674 futurum
416 615 512 672 esset.
551 603 682 674 Nemini
706 603 771 674 hoc
792 603 921 674 deicrre
944 605 1186 675 munusculum

131 730 275 822 maluit,
300 755 406 826 quam
429 755 491 800 suo
511 733 704 802 accusatori.
753 729 870 824 Itaque
906 733 977 802 sine
1011 731 1083 802 ullo
1106 730 1186 801 sub·

130 861 295 954 scriptore
331 860 505 931 descendit
529 873 563 932 et
587 860 748 931 Tuccium
774 885 871 931 reum
892 861 983 932 fecit.
1034 863 1079 930 At
1104 885 1188 953 ego,

127 989 234 1061 simui
270 999 375 1084 atque
408 989 543 1067 audivi,
581 990 751 1059 invocatus
782 989 825 1060 ad
861 988 1020 1060 subsellia
1053 991 1101 1059 rei
1131 1011 1188 1059 oc·
1297 993 1300 1004 '

130 1141 233 1187 curro
246 1126 278 1184 ¹:
314 1139 436 1210 surgo,
467 1139 578 1212 neque
613 1117 754 1187 verbum
789 1118 834 1188 de
870 1141 907 1188 re
939 1113 1045 1187 facio:
1075 1126 1187 1185 totum

128 1243 365 1337 Sempronium
404 1266 509 1337 usque
541 1269 580 1315 eo
602 1270 749 1340 perago,
774 1259 813 1316 ut
835 1246 1026 1319 Vestorium
1049 1268 1187 1339 quoque

127 1374 339 1465 interponam
365 1382 400 1440 et
424 1370 518 1441 iliam
541 1373 691 1443 fabulam
716 1398 873 1465 narrem,
896 1372 1184 1469 quemadmodum

127 1499 193 1570 tibi
223 1523 286 1593 pro
308 1498 476 1570 beneficio
498 1501 652 1591 dederit,
674 1504 701 1572 si
722 1502 816 1598 quod
838 1503 968 1573 iniuriis
990 1504 1058 1574 suis
1078 1513 1186 1592 essct,

124 1639 167 1698 ut
192 1627 361 1700 Vestorius
386 1638 515 1697 teneret
527 1642 552 1694 2.

173 1751 208 1823 2.
259 1754 349 1825 Haec
394 1777 532 1849 quoque
583 1779 703 1848 magna
744 1780 836 1825 nunc
871 1759 1043 1828 contentio
1073 1757 1185 1828 forum

127 1895 234 1952 tenet.
268 1881 315 1952 id.
338 1881 514 1972 ServiliuS,
538 1893 741 1976 postquam,
767 1893 807 1951 ut
828 1898 1005 1976 coeperat,
1029 1885 1185 1955 omnibus

127 2013 165 2081 in
189 2011 291 2082 rebus
315 2011 465 2082 turbarat
488 2034 576 2101 nec,
599 2009 692 2105 quod
725 2034 794 2082 non
805 2013 966 2083 venderet
986 2012 1146 2105 cuiquam
1158 2020 1183 2100 ³,

127 2139 311 2234 reliquerat
346 2140 577 2234 maximaeque
610 2137 707 2208 nobis
730 2138 875 2209 traditus
897 2153 969 2212 erat
993 2141 1184 2213 invidiaer:

123 2293 236 2362 neque
259 2267 445 2338 Laterensis
466 2277 603 2364 praetor
616 2278 641 2357 ⁵,
664 2267 857 2360 postulante
879 2268 1064 2360 Pausania,
1087 2269 1185 2343 nobis

122 2398 297 2494 patroniS,
323 2419 385 2480 ovo
407 2419 444 2464 nr
471 2418 602 2464 ruovora
627 2418 850 2484 runvsrrssur,
873 2399 1024 2492 recipere
1050 2399 1182 2491 voluit,

124 2527 218 2624 quod
252 2526 382 2615 Pilius,
415 2524 619 2595 necessarius
639 2522 746 2595 Attici
770 2526 898 2614 nostri,
921 2526 965 2596 de
986 2528 1185 2622 repetundis

122 2681 202 2729 eum
238 2654 433 2750 postulavit.
494 2651 613 2747 Magna
646 2653 738 2722 illico
772 2652 860 2723 fama
892 2657 1037 2726 surrexit
1071 2667 1106 2728 et
1139 2657 1183 2728 de

122 2786 337 2856 damnatione
360 2784 530 2854 ferventer
549 2783 642 2876 ioqui
667 2794 717 2852 est
736 2794 896 2878 coeptum
909 2797 933 2851 ⁸.
983 2784 1059 2872 Quo
1081 2796 1183 2854 vento

125 2973 373 2992 Μιι-ι--ι-ι-

168 3087 208 3155 (1)
228 3105 262 3138 Ν
277 3085 477 3154 acwrroNeap.
492 3085 560 3135 Υἱοὶ.
577 3085 601 3134 2.
617 3083 708 3135 Lamb.
720 3093 805 3133 contra
819 3083 868 3133 ttd.
906 3083 946 3151 (2)
961 3083 992 3134 ln
1006 3083 1061 3134 loco
1076 3083 1184 3154 obscuro

122 3179 246 3244 integram
262 3177 322 3228 dedi
337 3175 396 3228 lect.
411 3176 477 3237 Md„
495 3177 541 3244 qui
558 3174 637 3226 habet
651 3174 727 3242 quod.
737 3174 803 3223 -sr'
818 3174 884 3240 quid
891 3175 997 3224 iniuriis
1005 3176 1059 3224 suis
1068 3179 1141 3238 esset,
1151 3181 1183 3226 ut

125 3268 196 3318 Vest.
213 3271 344 3318 teneretur
363 3265 428 3317 Υἱοὶ.
446 3267 471 3316 1.
486 3265 578 3318 Graev.
596 3265 658 3316 Ern.
681 3264 727 3314 cir.
749 3263 829 3314 Rostii
853 3263 925 3330 Sper.
953 3265 986 3326 1,
1004 3265 1089 3331 p.14.
1108 3283 1142 3314 ω
1159 3267 1183 3314 si

124 3357 188 3424 quid
210 3360 278 3408 iuris
300 3359 343 3408 sui
363 3360 444 3418 esset,
467 3360 498 3406 ut
524 3356 558 3407 V.
585 3358 681 3406 teneret
700 3353 768 3402 Υἱοὶ.
794 3353 819 3402 2.
838 3351 922 3419 (Haud
939 3353 1006 3402 male
1024 3353 1045 3416 i)
1065 3355 1179 3421 itemque

130 3445 242 3508 Lamb.,
260 3445 305 3496 sed
321 3449 401 3496 mire:
420 3447 442 3495 si
459 3445 524 3512 quid
536 3446 564 3494 in
579 3445 646 3494 iuris
662 3444 712 3492 sui.
728 3444 800 3491 —si
816 3439 881 3507 quid
896 3442 923 3488 in
942 3441 1051 3490 Thuriis
1066 3442 1121 3490 suis
1139 3459 1181 3492 es-

123 3540 178 3599 set,
198 3540 229 3585 ut
248 3535 287 3587 7.
314 3539 411 3586 teneret
431 3535 462 3584 de
489 3531 613 3585 Gronovii
629 3531 665 3602 Ε.
682 3531 747 3581 Lali.
770 3559 804 3570 —
825 3532 848 3580 si
866 3529 930 3597 quid
947 3530 1054 3578 iniuriis
1068 3533 1122 3581 suis
1138 3543 1185 3582 ss:

122 3630 176 3688 set,
195 3626 266 3692 quod
282 3625 316 3676 V.
333 3629 430 3675 teneret
451 3623 547 3674 Bened.
562 3621 726 3684 -dederit,
744 3619 816 3687 quod
834 3620 941 3669 iniuriis
952 3619 1007 3668 auis
1028 3619 1057 3669 V
1056 3657 1063 3670 .
1087 3624 1185 3673 teneret

120 3714 181 3766 Sch.
202 3717 249 3783 (-
264 3715 364 3783 siquid
379 3717 485 3766 iniuriis
501 3718 543 3766 sui
558 3719 631 3778 esset,
649 3728 701 3780 quo
717 3713 857 3763 Nestorius
875 3709 934 3778 (sic)
951 3714 1083 3761 teneretur
1099 3707 1182 3782 Οτοὶ.)

122 3805 161 3875 (3)
178 3808 361 3873 :quoiquam
377 3804 428 3856 tid.
445 3803 512 3855 Vict.
528 3803 661 3856 2.·Graev.
680 3802 776 3854 Bened.
794 3801 907 3852 Distinxi
925 3817 985 3850 curn
1003 3800 1069 3850 Υἱοὶ.
1080 3802 1105 3852 2.
1124 3799 1179 3854 Ce-

118 3897 183 3946 teri:
209 3897 345 3957 uenderet,
369 3897 499 3962 cuiquam.
524 3913 559 3945 ω
581 3893 720 3962 quidquam
737 3891 827 3942 Lamb.
844 3889 907 3942 Sch.
927 3889 973 3956 (—
988 3906 1018 3939 ne
1041 3891 1110 3957 quod
1128 3907 1182 3943 non
1219 3893 1222 3900 '

118 3985 240 4035 uenderet
256 3987 376 4064 cuiquam
394 3987 548 4052 relinqueret
563 3983 645 4050 Crat.)
684 3983 724 4050 (4)
748 3981 791 4032 Sic
808 3981 917 4048 scripsi,
933 3989 961 4029 ut
977 3978 1078 4030 volebat
1095 3981 1181 4033 Grae-

118 4076 185 4125 vius.
207 4103 244 4115 -
266 4077 424 4141 maximeque
447 4091 474 4124 n.
499 4078 534 4124 tr.
560 4089 581 4122 e.
597 4071 710 4122 invidiae
725 4069 776 4120 ud.
793 4066 862 4120 Crat.
879 4066 946 4119 vict.
963 4071 988 4120 1.
1008 4067 1101 4121 Graev.
1117 4071 1180 4122 lira.

119 4163 217 4215 Bened.
236 4194 271 4204 -
287 4167 404 4215 maxima
419 4181 445 4214 n.
462 4168 498 4214 tr.
515 4179 536 4213 e.
553 4162 653 4212 inuidia
667 4159 733 4210 Υἱοὶ.
750 4159 775 4209 2.
792 4158 882 4208 Lamb.
898 4157 960 4210 Sch.
989 4159 1048 4209 Nou
1064 4170 1119 4222 est,
1135 4179 1180 4212 cur

118 4252 272 4305 haereamus
282 4255 308 4304 in
318 4253 417 4322 duplici
433 4254 532 4304 dativo:
560 4251 692 4302 »traditus
707 4249 781 4301 nobis
798 4261 851 4300 erat
865 4251 916 4312 ita,
935 4260 963 4300 ut
978 4250 1091 4299 maxima
1105 4249 1180 4300 nobis

118 4342 215 4393 invidia
238 4343 449 4394 conciliaretur.'’
486 4343 538 4395 Sed
565 4341 622 4392 adv.
648 4343 808 4408 'maximeque
829 4340 856 4390 h.
886 4339 906 4390 ἱ.
923 4339 991 4390 nihil
1007 4347 1053 4390 est.
1091 4338 1130 4403 (5)
1146 4365 1180 4374 -

114 4437 237 4497 praetore
252 4433 303 4484 rid.
323 4431 391 4484 Crat.
410 4431 476 4482 Υἱοὶ.
491 4434 515 4484 1.
554 4433 593 4501 (6)
612 4461 644 4473 -
659 4435 776 4498 caspium
794 4434 831 4480 est
846 4427 938 4482 Lambr
