3012 5182
806 419 825 480 6

293 633 375 702 Vide
413 633 536 717 mcd03
574 625 697 724 inquis.
728 625 849 734 Nori
882 631 1103 704 mehercules.
1164 635 1254 706 Nihil
1293 661 1351 706 un-

289 783 392 854 quum
427 760 538 830 ιιιίιιι1
578 771 645 829 tam
680 759 823 856 praeter
848 762 1064 856 opinionem,
1089 775 1161 834 tam
1186 765 1280 858 quod
1304 768 1351 835 vi-

286 887 426 957 deretur
450 885 607 956 omnibus
630 886 827 981 indignum,
852 890 986 969 accidit.
1025 891 1116 980 Quin
1137 915 1217 985 ego,
1240 917 1349 988 quum

287 1037 350 1107 pro
384 1014 530 1083 amicitia
566 1013 768 1084 validissime
803 1015 948 1087 faverem
985 1019 1016 1087 ei
1054 1030 1089 1088 et
1124 1043 1179 1089 me
1213 1019 1348 1089 iamed

276 1141 471 1211 ‘dolendum
495 1141 745 1234 praeparassem
754 1149 766 1210 τ’
786 1153 968 1238 postquam
991 1143 1119 1214 fectum
1138 1157 1207 1236 est,
1223 1123 1347 1218 obstu-

273 1255 372 1370 ¹pui²
415 1279 449 1337 et
491 1269 582 1338 mihi
613 1271 703 1339 visus
740 1294 815 1340 sum
845 1255 974 1365 ¹ceptus
1009 1292 1090 1343 esse.
1141 1271 1231 1362 Quid
1267 1275 1349 1346 aiios

281 1392 413 1492 putus?
470 1395 681 1467 clamoribus
718 1399 847 1470 scilicet
884 1400 1055 1473 maximis
1074 1395 1203 1472 iudices
1241 1403 1346 1498 corrig

281 1534 433 1616 puerunt
466 1533 500 1592 et
516 1607 517 1610 Ἴ
533 1524 755 1596 ostenderunt
786 1527 887 1622 plane
919 1552 1007 1620 esse,
1023 1511 1028 1523 ¹
1044 1529 1139 1624 quod
1172 1513 1251 1624 ferri
1278 1505 1345 1608 nori

280 1662 406 1744 posset.
466 1649 584 1746 Itaque
621 1653 760 1724 relictus
800 1633 1075 1748 legencium,
1111 1658 1238 1730 maiore
1274 1677 1345 1732 esur

280 1781 458 1874 pericuic⁴
483 1779 630 1848 videtur.
681 1778 829 1849 Accessit
855 1781 941 1871 huc,
968 1781 1062 1876 quod
1085 1781 1248 1874 postridie
1271 1782 1344 1851 eius

279 1905 553 1978 absolutionemt
589 1908 624 1976 in
662 1907 831 1979 theatrum
871 1910 1024 1981 Curionis
1057 1909 1254 1982 Hortensius
1290 1912 1342 1979 in·

278 2037 393 2126 uniit,
422 2047 506 2129 puto
529 2045 568 2104 ut
592 2059 693 2107 suum
720 2037 882 2129 gaudium
909 2038 1143 2132 gauderemus.
1192 2037 1257 2107 Hic
1279 2035 1343 2107 tibi

216 2226 217 2230 ’
310 2230 474 2309 strepitus,
485 2227 625 2288 fremitus
635 2272 642 2300 ,
652 2229 769 2288 clamor
779 2233 948 2290 tonitruum
960 2240 990 2289 et
1001 2229 1166 2290 rudentum
1177 2229 1286 2289 sibilus
1295 2235 1324 2314 6.

270 2399 347 2470 'Hoc
393 2401 497 2492 magis
537 2399 808 2471 animadversum
857 2412 929 2492 est,
980 2403 1074 2496 quud
1123 2405 1272 2475 intactus
1320 2429 1339 2474 ιι

273 2528 397 2600 sibiio⁷
441 2539 641 2622 pervenerat
688 2525 885 2599 Hortensius
923 2529 967 2600 ed
1005 2543 1237 2611 senectutem:
1278 2531 1337 2601 sed

267 2671 375 2730 tumr
417 2659 464 2728 ita
511 2656 620 2747 bene,
667 2668 707 2729 ut
742 2658 776 2726 in
807 2668 917 2730 totam
955 2659 1059 2733 vitem
1094 2661 1233 2746 cuivist
1258 2660 1339 2737 sctis

270 2798 359 2857 esset
383 2798 418 2857 et
442 2787 633 2882 poeniteret
656 2805 735 2854 eum
761 2785 828 2854 ium
854 2786 981 2856 vicisse.
1328 2799 1334 2806 ·

320 2911 356 2983 2.
406 2914 456 2983 De
477 2937 514 2982 re
537 2911 820 3007 publicaquod¹⁰
842 2913 905 2982 tibi
928 2913 1091 3002 scribam,
1117 2911 1335 2982 nihilhabeo.»

270 3040 422 3112 Marcelli
454 3042 604 3134 impetus
634 3039 850 3129 resederunt,
877 3064 944 3110 non
975 3040 1113 3129 inertia,
1138 3038 1199 3109 sed
1220 3075 1271 3090 —-
1295 3051 1335 3107 ut

270 3169 355 3240 mihi
379 3169 633 3240 videbatur-
658 3165 808 3237 consilio.
857 3165 908 3235 De
933 3167 1077 3236 comitiis
1102 3164 1335 3236 consularibus
1376 3181 1380 3188 '

270 3297 490 3368 incertissima
513 3306 564 3366 oet
588 3295 803 3364 existimatio.
915 3329 918 3340 ·
995 3333 998 3392 3
1044 3307 1046 3314 '
1099 3335 1103 3342 ·
1173 3311 1192 3329 ’·
1267 3313 1272 3327 ’

318 3422 354 3496 3.
404 3424 472 3517 Ego
517 3421 622 3491 incidi
657 3423 692 3490 in
728 3421 985 3513 competitorem
1019 3417 1168 3496 nobilem
1204 3430 1239 3488 ct
1271 3443 1333 3492 no·

269 3554 375 3630 bilem
409 3561 620 3646 agentcmss:
657 3572 737 3621 num
768 3547 813 3618 Μ.
843 3547 1029 3637 Octavius,
1065 3546 1125 3619 Cn.
1159 3544 1194 3618 F.
1229 3545 1330 3625 ets..

296 3782 339 3851 (1)
357 3780 466 3834 Sic'ld.
479 3781 550 3833 riu.
568 3782 583 3832 1
599 3789 625 3832 ct
640 3778 861 3839 1.-ιιίἱιι1ιιιιιιι,
877 3793 996 3851 unquam
1011 3779 1089 3842 Cett,
1107 3789 1210 3848 practer
1224 3779 1328 3843 Lunb„

268 3874 331 3941 qui:
355 3897 392 3914 --
411 3873 585 3934 maternales,
612 3871 757 3938 qu'utqwm
778 3885 906 3936 unquam.
947 3869 987 3938 (2)
1007 3887 1037 3916 =
1053 3869 1170 3936 obstipui
1185 3862 1238 3922 Md.
1261 3869 1329 3925 Vter.

264 3962 388 4013 1811..
415 3963 456 4031 (3)
475 3963 585 4027 mtegi'
600 3961 718 4014 Liciniae
739 3959 802 4013 Em.
827 3976 898 4028 susp·
927 3959 967 4026 (4)
987 3985 1021 4002 -ι
1038 3973 1089 4017 εισι
1111 3959 1140 4007 in
1160 3973 1219 4024 per.
1234 3958 1326 4016 Lamh.

266 4051 308 4120 (ὅ)
333 4079 369 4094 ·-·
391 4052 561 4104 absolutionis
580 4049 649 4102 Cret.
673 4048 765 4101 Lamh.
802 4048 842 4116 (6)
861 4049 892 4100 Ιιι
910 4047 978 4098 Vict.
999 4049 1024 4096 1.
1042 4055 1079 4098 cst
1094 4047 1193 4110 sititis,
1211 4065 1259 4100 nec
1276 4047 1329 4100 ullu

264 4141 372 4192 varietus
386 4141 454 4191 mihi
468 4150 569 4192 notatur
582 4156 596 4190 ιι
611 4139 663 4192 ud.
693 4138 759 4188 Hinc
778 4138 868 4195 iacere·
880 4135 969 4186 liceret
992 4135 1117 4200 sibiic-
1132 4137 1328 4203 rudeuticibiius

263 4229 356 4282 Lcmb.
401 4229 441 4300 (7)
460 4247 490 4276 =
507 4231 541 4280 ab
555 4230 603 4280 cib.
619 4227 715 4280 urm.
731 4227 827 4282 Bened.
844 4235 932 4278 contra
945 4225 996 4276 ud.
1033 4226 1073 4294 (8)
1092 4255 1126 4264 -
1142 4227 1258 4286 sedtotu
1273 4227 1324 4280 ud.

263 4337 299 4372 ω
316 4319 360 4370 ced
373 4324 431 4370 tum
447 4324 504 4370 tam
522 4318 620 4369 Bencd.
637 4334 707 4384 susp.
745 4315 785 4382 (9)
807 4316 852 4383 (2-
868 4317 961 4383 quovis
982 4316 1046 4382 tud.)
1065 4334 1095 4362 =
1109 4317 1212 4385 quoivis
1227 4316 1294 4384 Vict.
1313 4318 1327 4378 1

265 4419 292 4460 ct
311 4409 337 4459 1.
361 4407 455 4460 Grcer.
477 4406 573 4458 Bencd·
597 4433 632 4446 -
654 4405 775 4472 quumvis
793 4404 862 4456 Cret.
897 4404 953 4472 (10)
970 4403 1013 4456 Sic
1035 4405 1126 4458 anb.
1148 4404 1210 4458 Em.
1229 4406 1325 4460 Bened.

261 4499 322 4552 Scir.
338 4527 371 4538 -
387 4497 452 4566 quid
466 4495 535 4549 ceu.
552 4513 611 4546 cum
625 4495 675 4546 rid.
713 4494 769 4562 (11)
789 4522 823 4534 --
840 4499 864 4544 ct
881 4495 1015 4560 ignobilem
1031 4500 1143 4562 egentem
1161 4495 1230 4548 Crat.
