2978 5186
812 369 873 429 182

312 591 434 662 geretur
462 581 519 638 hec
547 577 654 637 mado:
681 578 867 654 minimaque
894 575 980 635 nabis
1005 576 1133 636 traditus
1154 586 1218 635 erat
1238 577 1381 636 incidie:

314 693 370 752 etsi
396 689 483 748 video
512 669 692 746 iententiam
712 684 885 742 claudicare
896 708 903 759 3
927 684 980 742 sed
999 686 1031 741 in
1051 683 1151 743 Coelio
1167 683 1295 744 terenda
1311 694 1383 744 sunt
1478 709 1479 712 ¹

315 797 425 856 amnia.
1282 787 1385 848 Macar.
1480 835 1481 852 .

353 931 415 944 -—
434 931 491 943 —-
532 896 667 973 Legerim
684 896 887 969 maaimaeqne
907 891 992 950 nabis
1010 891 1137 949 traditae
1152 875 1216 949 erat
1230 892 1381 962 invidiae,

315 1007 374 1064 hac
405 1022 510 1072 teitau,
540 1020 611 1058 cum
642 999 729 1067 nobie
762 999 891 1056 traditus
910 1007 1004 1072 esset,
1031 1017 1102 1056 cum
1120 1016 1152 1056 ee
1172 997 1262 1056 nobie
1280 997 1383 1058 defen·

317 1108 452 1168 deudum
473 1105 663 1177 tradidisset,
689 1104 766 1162 niele
786 1103 925 1162 hemines
944 1103 982 1162 de
1002 1121 1037 1162 eo
1058 1101 1273 1181 loquebantur.
1317 1087 1382 1163 aaa·

318 1216 416 1272 nimae
432 1231 492 1269 esse
515 1209 649 1266 invidiae
676 1208 805 1278 dicitur,
834 1215 886 1268 uti
916 1209 1045 1266 nmaima
1069 1207 1136 1264 adia
1163 1228 1240 1280 esse,
1265 1217 1295 1268 et
1324 1229 1383 1268 esse

317 1320 464 1400 infamiae
479 1317 560 1396 apud
577 1315 696 1374 Livium
712 1315 744 1373 L.
759 1313 884 1388 xxxlx.
897 1312 934 1391 [c.
958 1313 1000 1392 6.]
1027 1311 1088 1372 Nae
1105 1334 1139 1373 ea
1155 1314 1218 1372 sola
1235 1315 1383 1395 infamiae

318 1434 415 1494 erant,
437 1441 511 1501 qnae
530 1421 736 1499 inprcaincia
752 1418 911 1498 proculab
941 1417 1035 1476 aculis
1057 1418 1147 1497 facta
1172 1421 1382 1480 narrabantur.

317 1529 397 1591 Ordo
422 1528 584 1586 verborum
606 1535 667 1585 eet:
687 1524 871 1603 traditasque
889 1523 975 1582 nabis
991 1526 1139 1582 maaimae
1154 1531 1218 1584 erat
1232 1527 1380 1586 incidiae.
1481 1535 1482 1575 t

317 1635 365 1692 sie
395 1650 486 1710 supra
518 1629 561 1708 [h.
587 1612 638 1690 Ed.
657 1629 736 1688 Xlll.
760 1629 800 1708 1.]
830 1627 895 1686 Nan
918 1629 1125 1708 dnbit0‚qnin
1135 1629 1286 1708 perlatum
1303 1631 1343 1690 ad
1360 1642 1384 1689 te
1481 1635 1482 1640 ’

240 1707 250 1785 ‚¹
318 1740 376 1808 sit,
399 1737 532 1816 Appiam
552 1733 740 1797 aDoiabella
766 1753 848 1792 reum
873 1735 1012 1814 factam:
1042 1754 1112 1792 sane
1133 1746 1274 1809 nonest,
1299 1757 1386 1816 quam

318 1845 576 1913 existimaveram,
601 1841 730 1898 invidia.
771 1840 807 1898 Et
834 1839 914 1898 Suet.
939 1838 1016 1917 Aug.
1037 1837 1086 1898 71.
1128 1839 1177 1899 Ea
1198 1843 1385 1922 qnibnssiae

320 1948 516 2018 criminibus,
539 1947 601 2003 sice
627 1945 793 2002 maledictis
823 1944 986 2022 infamiam
1012 1944 1221 2024 impudicitiae
1232 1948 1388 2026 facillime

319 2055 482 2130 refutavit,
511 2061 538 2108 et
559 2051 726 2130 praesentis
747 2060 775 2107 at
789 2059 924 2128 posterae
952 2051 1030 2108 vitae
1053 2051 1187 2108 castitate
1197 2030 1211 2122 ‚⁸
1225 2051 1298 2109 item
1319 2051 1386 2110 lan-

321 2158 458 2237 titiarum
476 2156 634 2214 invidiam.
676 2155 766 2214 Malae
791 2173 928 2214 rumores
958 2153 996 2213 de
1017 2154 1216 2232 supellectilis
1236 2159 1385 2234 pretiosae

319 2263 496 2341 eupiditate.
1244 2262 1387 2322 Graevius.

362 2365 638 2446 eapostalcnta
658 2365 871 2424 Pausania.
914 2364 1058 2424 Graevius
1077 2363 1214 2423 reddidit
1233 2375 1322 2426 vetus
1335 2387 1389 2446 pa·

321 2471 457 2530 stniante.
481 2470 568 2530 Bene.
597 2469 645 2527 Sic
676 2479 706 2527 et
734 2468 783 2526 Me.
817 2468 873 2528 Gu.
894 2471 951 2528 etsi
969 2468 1151 2548 eapostniare
1169 2489 1224 2548 pro
1235 2471 1390 2553 postulare

322 2588 366 2636 est
395 2577 486 2636 etiam
512 2595 567 2653 pro
589 2573 674 2634 Rosa.
703 2575 736 2632 Α.
764 2573 844 2633 Com.
869 2573 916 2634 17.
951 2574 1015 2634 ·Sed
1039 2577 1107 2653 quie
1133 2584 1177 2632 est
1204 2576 1262 2634 iste
1281 2576 1391 2636 Pausa·

319 2685 404 2758 nias,
444 2683 498 2762 qui
536 2679 669 2759 postulat
703 2679 783 2758 apud
819 2689 987 2758 praetorem
1015 2681 1047 2738 in
1074 2678 1128 2737 tali
1155 2698 1265 2755 causa,
1299 2681 1391 2740 hama

322 2787 478 2848 Graecus?
601 2761 603 2768 Ι
1270 2783 1394 2844 Eureeis.

365 2891 406 2950 de
438 2888 667 2968 repetundis
693 2907 770 2944 eam
794 2886 1027 2966 postulavit.
1069 2886 1390 2965 Dr.1‚11‚v‚tor·

322 3015 389 3076 gav.
416 2994 535 3052 Graevii
556 2991 570 3050 Ι
591 3005 683 3071 atque
703 2992 784 3050 haud
806 2991 900 3051 dubie
918 2995 1010 3050 etiam
1035 2992 1088 3050 alii
1117 2993 1265 3052 amittunt
1296 2997 1393 3073 parti-

324 3099 426 3157 culam
451 3095 495 3154 dc.
537 3098 725 3178 Quamquam
750 3109 851 3158 autem
880 3101 913 3158 iu
934 3099 1077 3158 Cicerone
1094 3119 1213 3178 semper
1229 3100 1305 3159 haec
1324 3121 1392 3178 par·

324 3202 435 3276 sicula,
461 3203 486 3259 si
505 3202 606 3294 ‘simili
628 3203 718 3263 mado
749 3207 840 3264 verba
870 3211 1106 3277 construuntur,
1124 3205 1274 3264 vacabulo
1285 3216 1393 3286 pasta-

325 3306 386 3366 lare
411 3306 504 3366 adiici
531 3306 624 3377 salet,
652 3317 753 3368 tuanen
779 3311 897 3368 Caelius
917 3309 994 3368 farte
1019 3311 1110 3368 etiam
1137 3311 1202 3368 eine
1230 3311 1289 3370 hac
1317 3331 1391 3391 par-

325 3413 421 3472 ticula
455 3411 580 3470 ‘loeutus
616 3423 675 3472 est:
712 3416 863 3494 postutare
891 3414 1192 3494 repetundis;.sicut
1227 3417 1260 3474 in
1296 3416 1391 3476 simili

326 3518 459 3576 dictione
496 3526 527 3574 et
567 3536 704 3575 accusare
736 3521 860 3606 crimina
886 3530 916 3580 et
945 3539 1083 3578 accusare
1109 3519 1294 3606 dicrimine
1315 3523 1391 3598 paui

324 3622 408 3680 salet.
1252 3626 1395 3686 Bmmicr.

370 3726 479 3804 loqui
509 3733 566 3782 eat
594 3715 775 3802 caeptum.
818 3727 987 3787 Passionem
1021 3731 1130 3790 tribuit
1160 3730 1269 3803 verbo,
1296 3733 1393 3790 aetio-

326 3831 410 3889 nem
426 3829 526 3909 patius
551 3831 726 3908 requirenti.
768 3830 824 3890 Sed
851 3835 1011 3912 antiquum
1042 3833 1123 3908 fuit,
1152 3833 1184 3891 id
1212 3846 1257 3894 eet
1276 3834 1395 3894 Caelia-

328 3955 412 3999 num.
1290 3939 1395 4000 ditum.

369 4039 445 4122 Qua
475 4048 584 4096 vento
611 4047 666 4097 cet.
718 4040 823 4098 Totum
855 4043 957 4101 lacum
988 4045 1032 4103 ita
1062 4044 1210 4103 eruendo:
1242 4055 1275 4102 nt
1299 4046 1393 4124 impie

327 4123 366 4205 de!
388 4146 516 4226 pecnnia
548 4164 583 4203 aa
617 4146 702 4203 banis
740 4148 840 4226 patris
859 4150 1030 4226 peruenisse
1053 4149 1092 4207 ad
1120 4149 1284 4208 Serviliam
1305 4169 1394 4228 prae·

327 4251 580 4330 aumantianieqne
599 4270 719 4309 causam
738 4252 846 4310 dicaret
864 4253 1026 4332 depositam
1040 4253 1129 4314 IAES.
1146 4254 1292 4314 LXXXI.
1330 4254 1396 4314 Ac·

324 4368 481 4419 circuiverat
511 4356 606 4434 igitur
631 4356 745 4436 Appius
774 4357 952 4438 Servilium,
980 4361 1113 4440 aliquam
1143 4363 1291 4440 pecuniae
1308 4381 1396 4422 sum-
