3034 5166
644 389 684 448 57

438 625 606 709 Qrmus
634 621 820 708 Cscnnour
847 625 887 706 S.

188 891 221 967 1.
271 891 347 962 Non
379 889 466 980 diu,
499 887 559 960 sed
591 888 714 960 acriter
748 911 809 960 nos
832 899 912 958 tuae
934 887 1198 984 supplicationes

135 1029 331 1090 torserunt:
374 1015 598 1087 incideramus
647 1016 738 1085 enim
773 1016 809 1085 in
846 1013 1021 1086 difficilem
1056 1017 1196 1088 nodum.

132 1143 221 1214 Nam
253 1143 355 1214 Curio
388 1143 439 1212 tui
462 1142 723 1237 cupidissimuS,
747 1145 802 1213 cui
829 1141 986 1213 omnibus
1010 1145 1198 1216 rationibus

132 1269 319 1340 comitiales
352 1269 586 1363 eripiebantur
599 1279 623 1360 ¹,
657 1270 802 1363 negabat
837 1293 873 1339 se
904 1269 978 1341 ullo
1001 1271 1102 1342 modo
1125 1274 1198 1367 pati

126 1419 225 1490 posse
249 1393 386 1466 decerni
408 1397 694 1490 supplicationes,
716 1420 759 1466 ne
782 1395 900 1491 quod²
924 1393 1061 1467 lurore⁸
1084 1397 1195 1468 Paulli

130 1522 302 1615 adeptus⁴
326 1535 413 1594 esset
437 1523 543 1616 boni,
575 1548 634 1595 sua
667 1525 771 1618 culpa
795 1523 970 1595 videretur
992 1523 1139 1594 amisisse
1159 1537 1195 1595 et

129 1651 378 1743 praevaricator
401 1675 521 1722 causae
545 1651 730 1747 publicae⁸
767 1655 1026 1724 existimaretur.
1075 1651 1196 1748 ltaque

129 1777 175 1846 ad
199 1777 390 1872 pactionem
417 1777 673 1848 descendimus:
704 1790 739 1848 et
774 1777 1018 1850 confirmarunt
1041 1779 1195 1850 consules

131 1929 169 1974 se
203 1903 282 1973 his⁸
314 1903 620 2000 supplicationibus
644 1905 681 1973 in
703 1903 797 1973 hunc
821 1927 949 1974 annum
972 1927 1039 1974 non
1063 1927 1191 1976 usuros.

130 2032 258 2123 Plane,
292 2033 387 2128 quod
419 2034 574 2128 utrisque
610 2030 806 2103 consulibus
841 2031 964 2126 gratias
998 2055 1097 2124 agas,
1123 2045 1193 2102 est:

127 2159 250 2230 Paullo
270 2161 376 2254 magis
396 2170 500 2230 certe.
549 2159 635 2228 Nam
664 2157 845 2229 Marcellus
866 2159 915 2228 sic
939 2160 1115 2256 respondit
1137 2164 1191 2253 ei,

131 2281 233 2383 [εον]
246 2309 342 2380 spem
363 2286 491 2356 inistis
512 2285 819 2381 supplicationibus
843 2310 912 2358 non
931 2285 1074 2360 habere:
1093 2288 1190 2360 Paul·

59 2430 62 2435 ·
129 2412 208 2503 lus,
246 2436 281 2483 se
317 2416 480 2486 omnino⁸
517 2416 554 2484 in
588 2412 682 2486 hunc
715 2438 842 2485 annum
877 2439 946 2487 non
982 2417 1188 2489 edicturum.

126 2537 164 2610 2.
215 2539 461 2611 Renuntiatum
506 2539 604 2611 nobis
637 2552 710 2611 erat
742 2539 880 2612 Hirrum
918 2543 1049 2616 diutius
1079 2546 1191 2618 dictu·
1275 2565 1278 2574 '

125 2691 227 2738 rum:
261 2668 461 2763 prendimus
491 2693 591 2739 eum:
624 2693 693 2740 non
725 2669 827 2741 modo
861 2693 930 2740 non
966 2669 1048 2742 fecit
1061 2726 1072 2765 ,
1104 2674 1189 2766 sed,

126 2819 237 2890 quum
272 2795 316 2867 de
350 2795 493 2868 hostiis⁰
524 2808 682 2892 ageretur
711 2809 747 2868 et
769 2809 882 2890 posset
903 2819 977 2867 rem
1001 2795 1190 2889 impedire,

127 2923 180 3013 si,
215 2933 254 2992 ut
285 2933 522 2994 numeraretur
533 2937 574 3015 ¹⁰,
610 2922 824 3018 postularet,
861 2922 979 2991 tacuit.
1040 2919 1190 2991 Tantum

136 3104 348 3126 ᾖ

93 3192 102 3202 ’
171 3199 212 3267 (1)
231 3201 539 3268 —eui--eripiantur
560 3199 613 3253 ld.
633 3230 668 3244 -
687 3199 949 3269 qul--srspicntur
966 3199 1064 3253 Bsned.
1101 3197 1193 3267 (2)-

125 3304 158 3340 ns
173 3288 239 3355 quid
250 3288 302 3342 lld.
318 3319 353 3332 -·
368 3307 400 3342 ns
417 3293 440 3341 si
455 3291 522 3358 quid
537 3289 606 3343 Orat.
623 3289 692 3344 liet.
708 3292 733 3342 2.
770 3290 955 3358 (3)-sevors
969 3287 1061 3338 Lemb.
1097 3287 1138 3354 (l)
1156 3311 1190 3329 -

124 3377 262 3445 ademptus
274 3378 524 3449 Uda-ademptum
538 3379 606 3432 cdd.
621 3379 684 3448 aliq.
699 3379 818 3434 Weiske.
832 3379 895 3430 Sch.
908 3375 1081 3428 Videldsnnt.
1101 3373 1142 3443 (5)
1155 3402 1191 3416 -

122 3468 243 3534 publicae
267 3485 360 3521 causus
383 3469 452 3521 Cret.
488 3469 530 3538 (s)
553 3469 597 3522 sie
621 3468 689 3522 Orat.
711 3467 775 3519 via.
791 3467 807 3520 1
823 3477 850 3518 et
867 3467 892 3516 2
907 3464 999 3516 Lemb.
1016 3464 1111 3516 Graev-
1126 3463 1189 3515 Bru.

125 3555 188 3608 seu
204 3586 240 3598 -
256 3560 448 3625 confirmarunt
461 3574 531 3610 coss.
548 3575 600 3610 esse
613 3559 654 3609 bis
670 3557 722 3610 nd.
734 3585 769 3598 -·
785 3557 953 3624 confirmavit
974 3554 1081 3617 consul,
1106 3570 1132 3604 se
1152 3554 1192 3605 ln's

126 3645 248 3698 Weiske.
261 3673 296 3686 -
310 3651 493 3715 confirmavit,
519 3649 633 3700 conules
656 3665 707 3699 esse
730 3647 771 3698 his
793 3646 890 3698 lteued.
927 3644 967 3714 (7)
986 3642 1030 3696 Sic
1046 3642 1139 3694 Lsmb.
1155 3661 1191 3694 ω

122 3750 176 3786 our.
188 3751 215 3786 se
225 3735 276 3786 ld·
293 3735 363 3788 Crat.
377 3737 445 3788 Vict.
461 3737 476 3788 1
492 3747 519 3788 et
533 3738 559 3788 2.
576 3737 674 3788 llsned.
689 3764 724 3776 ·-
738 3736 873 3804 respondit
889 3751 915 3785 se
930 3733 993 3786 llrn.
1007 3733 1070 3786 sch.
1106 3731 1147 3800 (8)
1156 3759 1191 3773 -

125 3824 247 3875 erunibus
261 3823 324 3876 seh.
359 3826 400 3895 (9)
423 3825 476 3890 δίοΙ
488 3826 539 3876 lld.
562 3824 644 3894 Neep.
669 3824 739 3876 viu.
761 3825 817 3876 1et
833 3825 859 3874 2.
875 3851 908 3862 -
923 3823 953 3874 de
970 3822 1087 3873 hostibus
1098 3821 1189 3888 Antiq.

125 3911 195 3962 Crat.
216 3911 309 3963 Lamb.
337 3911 431 3966 Grsev.
456 3914 519 3965 bru.
545 3913 642 3964 bened.
666 3912 728 3964 Scb.
765 3912 823 3980 (10)
850 3911 906 3962 scil.
932 3919 1044 3960 senatus.
1077 3907 1121 3960 Sic
1136 3907 1187 3958 lld·

122 3999 192 4054 vict.
209 4003 225 4052 1
243 4012 269 4053 et
286 4003 311 4054 2·
328 4002 421 4056 Graes.
439 4003 792 4055 ltened.-uumercrentur
806 3998 898 4050 bamb.
915 3997 978 4048 dnn.
990 3996 1052 4048 soh.
1077 3995 1190 4046 Utrum-

122 4107 175 4158 que
201 4094 262 4143 setis
287 4109 423 4161 perverse:
448 4094 579 4162 quomodo
604 4095 676 4144 enim
698 4103 759 4144 tunc
781 4091 905 4160 temporis
921 4087 1028 4152 hostes,
1046 4083 1102 4138 scil.
1120 4083 1191 4152 quod

123 4180 262 4250 supplent,
281 4201 296 4232 a
306 4183 383 4234 occisi
394 4185 429 4248 ,''
440 4193 560 4252 poterent
572 4181 727 4234 numerari?
762 4181 839 4232 llectc
848 4195 929 4242 vero,
947 4193 1030 4245 quum
1038 4175 1070 4226 de
1080 4189 1188 4224 numero

122 4271 268 4324 boetiorum
292 4273 511 4326 immolandarum
534 4283 667 4342 ageretur,
692 4280 792 4341 poteret
806 4287 863 4321 rem
879 4267 1026 4338 impedire,
1046 4267 1068 4316 si
1079 4273 1118 4314 -ut
1133 4277 1186 4310 nu-

121 4369 266 4418 msrststur
288 4365 454 4430 sanstus,'’
482 4363 588 4420 forsitan
604 4379 656 4416 nou
672 4363 752 4416 nimis
767 4361 908 4428 frequens,
926 4353 1086 4424 postulasset.

1180 4539 1359 4674 f·-
