3034 5166
624 549 896 612 tenorem
947 548 1108 607 xxm.

721 639 1015 709 mmmm

724 799 1018 896 Aru-emtum·

382 1001 486 1100 flauo
512 1036 677 1116 Epistulam
704 1033 823 1095 Caelius
854 1036 975 1114 scripsit
1005 1056 1084 1097 anno
1108 1040 1248 1117 sequenti
1272 1051 1342 1118 post
1362 1061 1413 1102 su-

343 1133 495 1227 periores,
533 1139 630 1222 (705.)
663 1157 726 1218 quo
756 1158 792 1198 ea
819 1147 1001 1213 evenerunt,
1029 1160 1111 1219 quae
1137 1141 1332 1220 praedixerat
1360 1145 1414 1224 Ep.

342 1251 434 1312 XXII.
465 1247 494 1309 6.
520 1245 657 1308 aeribens
686 1242 773 1301 video
800 1263 926 1324 mugnus
945 1245 1113 1325 inpendero
1131 1245 1317 1324 discordias,
1338 1267 1414 1328 quos

334 1357 458 1436 summ
483 1361 512 1409 st
541 1350 589 1407 vis
616 1346 775 1407 iudicabit.
816 1348 916 1428 Igitur
942 1348 1025 1409 hello
1050 1348 1136 1408 oirili
1163 1350 1345 1429 Pompeium
1364 1354 1416 1412 in-

342 1469 391 1520 ter
428 1465 459 1517 et
496 1455 652 1537 Gaesarem
682 1459 767 1524 orto,
798 1451 915 1511 Caelius
945 1450 993 1532 (ut
1023 1472 1057 1512 re
1085 1455 1152 1531 ipsa
1181 1453 1413 1532 comprobaret,

225 1535 229 1544 ι
344 1558 429 1642 quod
459 1560 493 1615 in
522 1555 628 1615 eadem
656 1553 710 1633 Ep.
733 1554 762 1635 5
791 1554 819 1615 3.
835 1557 997 1634 scripserat
1026 1553 1138 1612 »Illud
1156 1564 1182 1612 ts
1203 1576 1264 1615 oea
1283 1558 1415 1617 arbitror

336 1665 463 1744 fugere,
503 1660 578 1738 quin
615 1657 748 1715 homines
784 1659 819 1714 in
859 1657 1042 1716 dissensione
1077 1657 1237 1717 dometius
1271 1660 1413 1738 debeam,

343 1765 488 1847 quamdiu
526 1759 659 1819 viviliter
696 1761 761 1818 siae
798 1761 892 1819 armis
921 1769 1062 1835 emetur,
1102 1760 1296 1821 honestiorem
1324 1768 1413 1844 sequi

340 1879 479 1952 partesue
516 1865 570 1925 oti
605 1863 645 1922 ed
671 1863 779 1922 holtem
810 1873 839 1923 st
867 1873 965 1922 eostre
996 1873 1115 1924 reatum
1144 1867 1202 1938 ait,
1224 1865 1412 1946 firmiorem,

343 1985 371 2034 st
404 1972 440 2032 id
462 1970 570 2030 mlius
595 1973 750 2040 statuere.
768 1968 847 2047 quod
878 1969 972 2026 tutius
1000 1965 1074 2048 sse’)
1105 1969 1250 2028 tutiorem
1278 1980 1413 2050 partem,

343 2095 406 2137 non
436 2075 641 2134 honestiorem
668 2079 807 2145 secutus,
846 2073 1023 2151 Pompeium
1053 2074 1222 2156 vituperat,
1257 2074 1413 2136 Gaesarem

344 2182 472 2258 eiusque
512 2176 626 2236 milites
664 2173 770 2232 laudat
799 2173 831 2254 5.
870 2175 897 2236 1.
948 2174 1043 2235 Addit
1080 2183 1198 2254 tamen,
1245 2178 1414 2240 sollicitum

344 2302 377 2342 se
417 2298 498 2350 esse,
538 2295 596 2336 neo
636 2276 801 2336 admodum
838 2278 983 2339 detentari
1021 2278 1118 2356 gloria
1148 2298 1203 2339 sua
1229 2278 1260 2360 5.
1292 2281 1322 2341 2.
1362 2282 1414 2358 Et,

345 2384 508 2446 ostendens
538 2399 570 2442 se
599 2399 747 2460 perquam
771 2381 920 2460 eupidum
936 2401 1012 2442 esse
1038 2382 1190 2444 Gioeronis
1211 2385 1413 2446 eonseniendi
1500 2387 1501 2404 ¹

345 2499 377 2552 et
403 2507 474 2550 eum
504 2505 540 2546 eo
570 2484 767 2564 colloquendi
788 2481 819 2565 5.
843 2484 871 2546 ³.
899 2485 1001 2564 dolet,
1032 2503 1098 2546 esse
1123 2488 1183 2547 sibi
1208 2507 1280 2550 oum
1309 2487 1413 2552 eohoi·

345 2593 429 2654 tibus
448 2610 504 2670 per
522 2590 610 2649 nives
629 2590 689 2652 iter
708 2588 885 2650 faciendum
906 2591 940 2648 in
961 2590 1115 2668 Liguriam
1135 2590 1166 2672 5.
1188 2591 1216 2650 4.
1338 2643 1344 2650 .

385 2800 503 2878 Scripta
538 2800 655 2858 incerto
689 2798 755 2876 die3
786 2806 857 2858 ante
882 2807 1001 2872 tamen,
1032 2818 1126 2880 quam
1153 2801 1316 2879 Pompeius
1348 2801 1410 2863 lta·

343 2908 418 2968 liam
448 2904 625 2984 relinquens
652 2923 670 2963 a
695 2902 859 2964 Brundisio
887 2903 1065 2963 eonsoendit
1090 2903 1134 2963 cf.
1162 2904 1191 2985 5.
1213 2903 1243 2964 2.
1284 2905 1411 2966 Venerat

345 3008 684 3071 antecameram
723 3009 806 3068 eirca
832 3029 859 3069 v.
887 3008 955 3068 nu.
983 2991 1065 3069 uas.
1092 3008 1151 3091 (cf.
1183 3010 1223 3069 aa
1246 3009 1308 3070 uu
1333 3010 1409 3071 vm.

346 3112 376 3173 9.
412 3110 454 3192 4.)
488 3111 622 3190 indeque
649 3129 721 3170 eum
748 3111 907 3184 omnibus,
937 3131 1013 3192 quas
1042 3113 1189 3190 habebat,
1216 3115 1314 3194 oopiis
1340 3135 1410 3194 pro-

343 3214 444 3276 foetus
464 3223 509 3274 est
529 3234 556 3274 a.
579 3214 947 3293 d.xv1.Kalend.April.
967 3215 1051 3276 Cdad
1071 3216 1132 3286 Au.
1154 3217 1203 3277 lx.
1221 3218 1267 3278 15.
1289 3219 1324 3278 Α.
1342 3217 1408 3298 51.

402 3709 434 3778 1.
481 3707 664 3800 Ecquando
684 3717 724 3775 tu
744 3705 915 3777 hominem
938 3709 1158 3800 ineptiorem,
1182 3731 1284 3802 quam
1309 3721 1406 3780 tuum

351 3834 414 3906 Cn.
459 3834 659 3930 Pompeium
706 3833 844 3922 vidisti,
878 3837 939 3929 qui
975 3845 1110 3905 tantas¹
1149 3833 1287 3923 turbas,
1324 3839 1406 3930 qui²
1495 3819 1496 3830 ἵ

348 3972 417 4031 tam
442 3984 553 4054 nugax
589 3973 698 4049 esset,
735 3960 943 4034 commorit?
992 3963 1142 4057 Ecquem
1178 3975 1292 4034 autem
1327 3965 1408 4037 Cae-

351 4111 424 4160 sare
456 4075 571 4159 nostro
607 4090 768 4160 acriorem
802 4089 837 4157 in
874 4088 976 4158 rebus
1011 4091 1186 4181 gerendis,
1223 4093 1341 4164 eodem
1373 4095 1407 4164 in

648 3441 815 3526 Cnnnrns
843 3441 1029 3527 Cleonem
1057 3445 1097 3524 S.

393 4320 433 4387 (1)
452 4351 486 4363 -
503 4321 566 4388 quid
580 4323 671 4372 tentos
688 4321 738 4372 ld.
757 4321 852 4374 Beued.
891 4323 931 4390 (2)
950 4351 983 4362 -
1000 4342 1080 4392 quum
1097 4325 1158 4376 Seh.
