3034 5166
837 389 879 450 98

345 621 506 694 ·=llpietnle
531 617 611 671 m.
632 617 658 682 5.
677 617 700 666 1.
720 613 903 679 deteitnerem]
926 639 942 650 -
959 612 1115 662 deteieeirem
1131 639 1165 654 -·
1182 612 1208 678 5.
1227 612 1253 664 2.
1271 611 1399 663 facillime

317 711 391 778 sum]
410 738 428 752 -
440 708 569 776 facillime
584 721 658 766 eamr
678 703 723 756 sed
744 703 793 753 litt.
811 717 844 765 a,
865 701 996 752 lnotntur
1010 697 1231 782 transponendum
1246 714 1316 749 esse:
1336 713 1402 749 erem

312 797 448 864 facillime.
464 824 499 836 —
513 804 598 846 contre
614 792 690 859 eum]
713 821 731 833 -
748 795 842 842 eontra
857 803 983 841 euum'-
1000 791 1042 840 cui
1058 800 1145 840 tamen
1161 786 1298 853 satisfieri]
1317 815 1334 827 -
1353 789 1401 836 etei

317 891 372 937 tam
390 902 410 937 r.
428 911 463 926 —-
481 883 508 948 5.
524 884 550 934 3.
567 880 756 948 relinquenda:
784 878 854 947 quod
876 895 937 928 cum
953 878 1096 946 audissem]
1116 907 1134 919 -
1149 878 1319 943 relinquenda
1335 893 1401 928 eum

317 972 446 1024 audissem
461 999 495 1011 -—
512 973 652 1023 existimari
664 972 753 1041 posse]
773 1000 790 1011 -
804 972 953 1021 existimare
962 988 992 1038 p.
1009 998 1044 1010 -
1061 969 1088 1034 5.
1100 970 1126 1020 t.
1135 969 1297 1035 domesticis]
1309 985 1400 1020 -mo-

314 1059 419 1109 dertieit
432 1085 467 1096 -
486 1056 513 1120 5.
530 1059 555 1107 5.
572 1060 645 1126 entis]
666 1089 682 1099 -
700 1059 782 1108 ratris
797 1087 831 1097 -
845 1057 967 1122 dubitet,
985 1057 1082 1124 quum]
1103 1087 1120 1098 -
1141 1059 1167 1109 d.
1183 1059 1249 1130 quin
1264 1085 1298 1096 —-
1315 1055 1400 1108 Dole-

317 1145 429 1212 bellrm]
450 1174 467 1186 ·
484 1146 632 1197 dolabellam
649 1173 684 1187 -
699 1145 731 1196 ab
747 1145 793 1212 tir]
821 1173 838 1185 -
855 1145 888 1196 ab
904 1147 945 1196 leit
958 1175 993 1185 -
1008 1164 1086 1214 quern
1102 1147 1236 1215 mihiipsi
1254 1145 1356 1212 nocero]
1379 1174 1396 1185 -

317 1249 398 1300 quam
411 1234 476 1285 milri
483 1235 544 1298 fuit
559 1236 609 1301 iptt'
622 1251 643 1285 e.
660 1262 694 1274 -·-
712 1233 739 1298 5.
757 1234 782 1284 6.
800 1233 958 1286 adolescente
973 1251 1026 1285 me.
1060 1235 1110 1286 llos
1126 1233 1188 1301 ego]
1206 1262 1224 1273 -
1243 1233 1397 1283 adillum-

315 1327 359 1374 tea
375 1339 417 1373 eor
428 1339 474 1387 ego
490 1351 523 1361 -
541 1321 568 1386 5.
585 1323 610 1372 7.
627 1322 738 1390 aspersi]
758 1324 861 1389 aeparri
877 1349 912 1362 ·-
929 1319 954 1387 5.
973 1321 999 1372 8.
1016 1321 1053 1372 De
1070 1321 1217 1389 Dolabella]
1236 1350 1253 1361 -
1269 1321 1398 1372 dolabella

314 1427 440 1481 superent.
456 1429 488 1472 e,·
499 1422 528 1462 ut
543 1413 590 1462 eit:
608 1410 769 1463 Dolabellae.

348 1563 505 1632 Epistola
520 1565 612 1616 XXVI.
631 1568 657 1632 5.
675 1567 700 1616 t.
718 1567 797 1617 fuisse
813 1575 868 1616 tum
883 1581 963 1633 quem
981 1564 1105 1631 Fenniis]
1124 1591 1142 1604 -
1151 1563 1250 1630 fraisnel
1264 1579 1396 1631 umquam

310 1653 410 1716 formis
431 1680 466 1694 -
486 1663 516 1702 ut
538 1654 654 1721 Appius]
676 1683 692 1693 -
706 1659 755 1705 aut
777 1656 870 1722 appius
885 1682 920 1692 -
935 1655 1009 1704 euius
1024 1652 1151 1720 emieitin]
1173 1681 1189 1693 -
1205 1655 1301 1720 quoius
1316 1670 1342 1705 a.
1359 1683 1397 1696 -

314 1739 444 1808 perditem
459 1740 574 1808 eausam]
595 1769 611 1780 -
622 1746 731 1810 portam
747 1758 769 1792 c.
792 1767 826 1781 ·-
851 1740 919 1792 'lum
941 1750 970 1791 tu
985 1740 1075 1809 porro]
1095 1768 1111 1779 -
1128 1745 1159 1791 lu
1175 1745 1205 1791 tri
1217 1757 1246 1808 p.
1262 1769 1297 1782 —
1313 1751 1396 1794 noetu

313 1829 465 1881 Ariminum
483 1829 625 1895 venissem]
643 1857 660 1868 -
676 1830 796 1878 Arimini
808 1832 889 1878 noctu
905 1811 1033 1879 venissenl
1046 1855 1080 1870 -·
1101 1828 1168 1879 mihi
1186 1828 1355 1898 consuluisti]
1377 1859 1394 1872 -

313 1933 353 1968 me
367 1933 389 1968 e.
403 1945 438 1955 -
448 1915 475 1980 5.
485 1917 510 1966 2.
521 1916 565 1967 hie
580 1917 663 1985 nune]
682 1945 698 1958 ·
713 1919 772 1968 ltine
788 1933 815 1968 n.
824 1917 1111 1986 -nieiPornpeinnue]
1124 1919 1201 1968 -nitr'
1208 1922 1246 1968 erl
1253 1921 1394 1986 pompeia-

312 2020 364 2055 nus
379 2033 413 2043 —
431 2004 520 2074 effeci]
546 2035 562 2045 -
583 2006 647 2072 effici
668 2035 702 2046 -
722 2005 797 2074 plebe
811 2007 851 2074 et]
871 2008 958 2073 -piet
972 2011 996 2057 et
1014 2035 1047 2046 -—
1066 2007 1147 2057 immo
1162 2005 1277 2074 reliques
1292 2024 1394 2076 exepe-

312 2091 396 2161 e'tant]
408 2122 425 2132 -
442 2095 520 2143 immo
535 2093 650 2158 reliquae
664 2099 812 2161 exspectent
830 2095 895 2162 (tie,
909 2093 982 2147 nulle
997 2075 1141 2164 rerietete.)
1155 2121 1189 2136 -
1204 2096 1302 2146 irritari
1313 2098 1342 2147 in
1348 2113 1394 2148 me

312 2181 454 2247 Catonem]
476 2209 491 2220 -
508 2184 687 2233 armnianum
703 2199 742 2232 me
760 2183 883 2235 Catonem
896 2209 932 2225 ·-
948 2201 1027 2252 quem
1036 2201 1083 2235 noe
1092 2193 1258 2253 pateamuret
1267 2185 1367 2253 quem]
1376 2211 1393 2224 -

311 2282 366 2336 qua
386 2283 434 2318 nne
453 2285 482 2336 p.
508 2273 532 2320 rt
548 2283 609 2336 'qua
630 2294 664 2310 -
689 2268 871 2322 firmissimum
893 2283 939 2326 eet.
965 2269 1081 2340 Vestras]
1101 2271 1311 2340 -firmletimum
1333 2273 1397 2324 tan

308 2359 419 2408 vertrae.
