3034 5166
797 378 860 450 110

295 607 412 648 summa
424 606 526 647 rorum
538 588 645 647 Caesar
659 586 808 660 dimicat,
824 585 860 645 ll.
880 584 999 645 Coelius
1005 627 1015 661 ,
1036 588 1084 644 vir
1102 587 1225 665 cloquio
1244 590 1370 649 auimo·

295 710 355 769 que
382 690 505 749 Curioni
529 689 723 764 simillimus,
750 688 805 750 sed
825 689 857 747 in
877 697 1008 768 atroque
1028 689 1212 767 perfectior,
1230 709 1288 751 uec
1304 694 1371 751 mi-

294 812 353 852 nus
382 794 538 870 ingeniose
560 811 690 870 nequam
702 835 711 866 ,
739 809 810 850 cum
838 793 869 850 in
891 790 1013 850 modica
1043 791 1169 870 quidem
1190 789 1237 873 (1)
1267 812 1370 853 eerra-

293 898 321 953 ri
347 903 446 973 posset
467 893 594 974 (quippe
619 896 705 972 peior
724 894 772 953 illi
794 913 842 953 res
867 893 1027 953 familiaris
1050 914 1143 976 qnam
1171 913 1257 955 mens
1287 895 1372 976 erat)

293 1001 327 1057 in
353 1007 495 1077 practura
522 1015 671 1058 novarum
700 999 874 1058 tabularum
902 1005 1010 1058 auctor
1034 1000 1155 1074 extitit,
1180 999 1366 1079 nequiltque

293 1108 415 1159 senatus
432 1108 462 1159 et
478 1102 658 1160 auctoritate
676 1099 741 1160 Cos.
765 1100 926 1171 deterreri,
947 1101 1046 1160 accito
1065 1103 1157 1162 etiam
1176 1102 1286 1162 llilone
1303 1101 1365 1162 An-

291 1207 363 1279 nio,
391 1205 446 1282 qni
473 1223 537 1263 non
563 1205 723 1282 impetrato
764 1195 886 1280 reditu,
911 1203 1040 1264 Iulianis
1064 1206 1204 1284 partibus
1233 1207 1365 1267 inlectus

292 1316 376 1383 erat,
400 1309 432 1366 in
461 1308 537 1367 urbe
564 1308 763 1382 seditionem,
796 1317 827 1366 at
849 1309 881 1366 in
898 1309 978 1384 agris
1004 1308 1125 1368 occulte
1144 1308 1292 1370 bellicum
1311 1319 1366 1375 tn-

291 1410 424 1470 multum
448 1429 589 1487 movens,
618 1411 718 1489 primo
737 1417 906 1469 summotus
938 1427 1036 1488 arep.
1060 1429 1130 1468 mox
1151 1411 1369 1471 consularibus

290 1516 400 1588 armis,
421 1523 544 1572 auctore
562 1520 671 1571 senatu
680 1556 689 1586 ,
705 1513 786 1571 circa
805 1511 933 1570 Thurios
950 1530 1111 1590 oppressus
1130 1522 1186 1572 est.

527 1659 659 1720 Vasrsme
679 1659 802 1720 Maxmm
822 1660 853 1718 L.
873 1659 923 1719 lv.
943 1678 971 1718 o.
993 1658 1023 1720 2.
1042 1659 1072 1740 5.
1093 1659 1122 1718 7.

330 1783 424 1844 Goelii
444 1802 516 1844 vero
531 1784 602 1844 llufi
623 1792 659 1844 ut
676 1785 737 1842 vita
757 1783 932 1861 inquinata,
953 1765 1238 1856 immisericordia,
1267 1803 1364 1866 φιιιιι

290 1890 323 1964 Q.
337 1888 479 1968 Pompeio
501 1890 672 1966 praestitit,
693 1887 855 1966 probanda.
902 1887 957 1944 Cui
978 1887 1172 1964 aaepuhliea
1184 1888 1365 1966 quaestione

288 2001 458 2070 prostrato,
486 2011 558 2052 cum
586 2000 683 2050 mater
710 1990 849 2049 Cornelia
878 1987 951 2048 fidei
977 1989 1137 2048 commissa
1156 1988 1282 2067 praedis
1298 2009 1364 2052 non

288 2094 449 2169 redderet,
472 2103 564 2174 atque
587 2098 645 2152 iste
669 2092 820 2152 auxilium
840 2111 932 2152 suum
949 2091 1047 2152 literis
1064 2091 1274 2170 implorasset,
1296 2109 1365 2171 per-

288 2198 474 2258 tinacissime
495 2196 612 2256 absenti
631 2193 740 2253 adfuit.
781 2195 931 2256 Recitavit
950 2196 1057 2254 eteius
1068 2194 1228 2272 epistolam
1241 2194 1362 2260 indicio

288 2299 416 2360 ultimae
433 2298 621 2361 necessitatis
634 2297 785 2368 iudicem,
803 2317 865 2378 qna
880 2299 1005 2377 impiam
1024 2297 1180 2357 Corneliae
1197 2298 1361 2360 avaritiam

287 2399 445 2458 subvertit.
489 2399 614 2458 Factum
639 2409 765 2477 propter
792 2403 935 2460 eximiam
964 2402 1207 2476 humanitatem,
1234 2421 1275 2460 ne
1301 2401 1362 2462 sub

287 2501 388 2562 Coelio
401 2502 527 2581 quidem
548 2511 671 2562 auctore
689 2502 926 2586 repudiandum.

425 2674 596 2753 Coronant,
617 2678 651 2736 de
672 2677 717 2735 Ile
738 2677 867 2736 Rustico
888 2678 919 2737 Ι..
942 2679 965 2737 Ι.
987 2675 1092 2757 Proef.
1112 2675 1143 2758 §.
1163 2673 1213 2736 80.

327 2811 388 2870 Nec
402 2811 531 2872 Brutum
550 2822 603 2874 aut
620 2812 756 2872 Caelium
774 2812 980 2872 Pollionemve
990 2832 1061 2872 cum
1076 2809 1198 2872 Messala
1215 2817 1246 2868 et
1264 2809 1357 2870 Calvo

286 2914 461 2975 deterruere
477 2916 516 2986 ab
534 2916 726 2994 eloquentiae
746 2916 849 2975 studio
867 2915 1000 2974 fulmina
1014 2915 1068 2974 illa
1085 2914 1246 2972 Ciceronis.
1317 2997 1319 3002 Ι

433 3083 464 3142 L.
486 3035 609 3144 Anniani
630 3086 728 3144 Senam
740 3129 749 3161 ,
771 3085 805 3142 de
826 3083 881 3142 Iro
901 3086 933 3144 L.
954 3077 1010 3143 Ill.
1031 3103 1057 3143 c.
1080 3081 1109 3144 8.
1129 3083 1160 3164 §.
1182 3083 1210 3142 4.

328 3217 463 3282 Coelium
477 3231 626 3282 oratorem
645 3221 739 3281 fuisse
756 3222 1026 3282 iracundissimum
1041 3231 1170 3284 constat.
1186 3242 1258 3282 cum
1277 3243 1357 3303 quo,

286 3336 321 3388 ut
342 3328 446 3400 aiunt,
477 3326 623 3386 coenabat
638 3327 687 3416 „iu
711 3325 856 3409 cubiculo
876 3325 973 3386 lectae
989 3327 1154 3419 patientiae
1171 3327 1286 3388 cliens:
1303 3327 1360 3390 aed

319 3560 359 3626 (1)
395 3559 462 3610 llaec
485 3571 524 3612 eet
543 3561 672 3612 Editionis
694 3562 793 3628 primae
811 3558 906 3625 lectio,
923 3577 970 3627 pro
986 3577 1038 3630 qua
1053 3563 1144 3614 Editor
1156 3562 1254 3626 basil,
1277 3573 1359 3632 quem

282 3646 370 3698 nullae
397 3648 510 3699 salebrae
540 3647 723 3711 morabantur,
750 3647 868 3699 audacter
891 3648 1104 3717 hyperbolicam,
1127 3660 1153 3702 et
1173 3646 1205 3700 ah
1236 3649 1360 3703 historiae

282 3738 404 3805 scriptore
427 3737 559 3800 alienam,
585 3736 744 3787 locutionem
767 3738 867 3806 posuit:
892 3755 951 3788 cum
972 3755 1002 3789 na
1024 3741 1122 3792 aDir's
1138 3739 1241 3806 quidem
1257 3742 1363 3792 armari

278 3831 375 3892 posset.
408 3825 512 3877 lurenit
526 3836 633 3888 tamen,
651 3827 697 3892 qui
714 3825 770 3876 eius
784 3827 957 3878 coniecturam
974 3837 1163 3895 seqrrerentur,
1181 3827 1307 3880 Ursinum
1324 3829 1360 3881 ad

281 3915 309 3965 h.
326 3914 345 3965 l.
380 3913 409 3966 Ρ.
433 3915 576 3966 leuntiam
600 3917 628 3966 ln
653 3913 737 3966 Caelii
761 3913 833 3978 Vita,
859 3915 974 3983 aliosque
998 3913 1095 3984 plures.
1140 3915 1214 3966 Forte
1239 3913 1359 3968 velleius

281 4004 397 4071 scripsit:
425 4019 483 4056 eum
505 4005 533 4054 in
552 4005 607 4054 ocio
632 4019 663 4054 ac
686 4005 770 4070 quiete
793 4005 894 4054 servari
911 4019 965 4052 non
984 4007 1081 4068 posset.
1116 4005 1178 4056 'l'ale
1197 4003 1261 4072 quid
1277 4007 1359 4056 etiarn

281 4090 461 4143 Freinshemio
483 4094 511 4142 ln
535 4103 651 4142 mentem
673 4094 774 4143 senisse
789 4092 908 4154 videtur,
929 4092 975 4157 qui
989 4087 1084 4160 Suppl.
1101 4093 1159 4144 Llr.
1176 4093 1233 4144 111.
1251 4108 1279 4162 p.
1296 4093 1357 4144 602.

280 4181 351 4233 hunc
373 4181 460 4233 locum
484 4183 642 4250 respiciens,
668 4183 701 4232 ita
724 4181 828 4232 scribit:
852 4180 932 4231 »Nisi
955 4179 1019 4231 forte
1042 4181 1120 4232 homo
1146 4183 1356 4250 ingeniosissime

281 4287 395 4340 nequam
422 4274 487 4323 aeria
509 4271 587 4322 alieni
605 4267 805 4337 magnitudine,
831 4279 859 4319 ut
873 4267 916 4318 alii
933 4268 1030 4335 multi,
1048 4269 1136 4322 adres
1154 4271 1282 4324 novandas
1298 4271 1354 4322 im-

280 4360 370 4428 pulaue
385 4372 440 4427 eat,
459 4359 529 4430 quod
546 4357 639 4411 serrari
654 4373 681 4410 ee
696 4374 770 4428 posee
787 4358 815 4408 in
827 4359 882 4410 ocio
898 4355 1081 4428 desperabat.’'
1119 4359 1219 4414 Rosea.
