2978 5186
629 401 692 460 125

713 557 720 585 l

129 625 152 660 a
172 614 285 675 senatu,
307 615 334 664 et
355 627 372 664 a
393 606 535 664 bonorum
557 627 671 682 caussa,
691 610 803 664 steterit
824 610 1018 666 constantius.
1040 608 1114 680 Mox,
1133 618 1199 668 orta

125 709 212 767 inter
237 708 390 769 Caesarem
419 721 449 770 et
474 712 649 790 Pompeium
677 711 840 788 discordia,
868 720 1008 772 neutram
1029 715 1062 771 in
1082 723 1199 793 partem

126 813 280 874 inclinare
300 817 383 874 visus
405 825 458 874 cst.
490 816 526 876 Id
547 818 698 895 significat
722 818 826 877 Cicero
845 819 899 878 lib.
920 817 949 876 2.
972 821 1059 897 epist.
1082 819 1129 878 15.
1152 818 1197 898 [h.

118 917 210 978 ‘Edit
237 919 296 976 XX.
324 919 366 1000 3.]
393 920 466 1000 Ipsa
486 921 654 1000 republica,
674 924 793 1001 inquit,
814 922 894 982 nibil
912 922 988 980 milri
1009 933 1053 980 est
1074 925 1198 994 carim

130 1024 168 1080 in
195 1043 254 1102 que
277 1035 310 1084 tu
336 1045 396 1082 uon
423 1027 508 1086 valde
537 1038 563 1085 te
582 1029 695 1086 iactas:
717 1029 871 1086 districtus
890 1030 970 1086 enim
989 1028 1066 1085 mibi
1086 1028 1199 1086 videris

124 1147 200 1205 esse,
220 1130 299 1207 quod
323 1140 352 1188 st
371 1130 463 1190 bonus
484 1133 570 1206 civis,
591 1142 619 1190 et
638 1133 731 1191 bonus
750 1136 865 1192 amicus
875 1153 913 1191 es.
941 1133 1055 1192 Deinde
1062 1141 1197 1206 ,mutata

126 1237 298 1306 sententia,
319 1236 451 1296 Caesaris
472 1237 631 1316 adportes
652 1239 789 1296 transiit:
810 1257 847 1295 ex
867 1257 928 1315 quo
950 1236 1030 1294 illud
1047 1237 1198 1297 Ciceronis

125 1342 161 1398 in
188 1339 296 1399 Bruto:
318 1339 379 1399 llic
401 1362 469 1399 eum
488 1361 603 1399 summa
623 1342 772 1400 uoluntate
793 1342 935 1400 bonorum
955 1341 1064 1399 aedilis
1085 1343 1199 1402 curulia

116 1444 228 1523 sactus
251 1455 343 1521 esset,
371 1447 470 1504 nescio
498 1446 640 1525 quomodo
668 1443 800 1504 discessu
829 1466 891 1504 meo
919 1447 1056 1504 discessit
1083 1467 1102 1504 a
1121 1465 1198 1520 sese,

122 1548 309 1628 ceciditque,
335 1559 437 1628 postea
457 1570 544 1630 quum
565 1569 612 1608 eos
632 1553 750 1609 imitari
770 1553 879 1630 coepit,
902 1570 975 1632 quos
994 1553 1057 1630 epse
1075 1570 1199 1630 peraer-

125 1663 211 1712 terat.
239 1654 411 1714 Profectum
439 1656 478 1714 ad
503 1655 658 1715 Caesarem
688 1675 760 1714 cnm
792 1656 822 1715 C.
844 1656 992 1730 Curione,
1009 1667 1044 1715 ut
1065 1677 1137 1717 eum
1157 1657 1197 1716 ad

124 1760 219 1819 civile
240 1759 357 1820 bellurn
378 1763 537 1830 incitaret,
559 1762 680 1839 scripsit
701 1762 755 1821 llio
776 1761 1042 1821 {talamarum
1062 1763 1197 1840 aCaesa-
1264 1789 1268 1798 ⁴

125 1867 246 1943 reipsa
266 1865 411 1944 descivit,
434 1866 530 1945 idque
549 1885 620 1924 curn
641 1868 706 1943 ipse
726 1866 860 1924 declarat
882 1869 968 1945 epist.
990 1867 1045 1924 ult.
1065 1866 1109 1944 [h.
1120 1867 1197 1926 Edit.

127 1975 245 2055 xxvi]
277 1983 342 2031 tum
361 1991 432 2030 vero
452 1971 585 2029 Velleius
606 1971 654 2028 his
676 1969 792 2028 verbis:
815 1969 924 2028 Accito
945 1969 1049 2028 Annio
1071 1971 1196 2043 Milone,

128 2085 193 2164 qui,
213 2099 275 2139 non
293 2080 448 2157 impetrato
469 2073 740 2146 reditu,·Iulianis
754 2075 895 2154 partibus
913 2074 1042 2154 infestus
1063 2086 1143 2151 orat,
1164 2077 1199 2134 in

126 2189 198 2248 urbe
226 2185 417 2256 seditiosum,
448 2191 500 2239 eut
527 2182 625 2260 magis
655 2180 765 2238 occulte
794 2179 932 2238 bellisma
960 2179 1117 2238 tumultum
1135 2200 1200 2238 mo·

124 2313 217 2363 aeus,
243 2291 345 2370 primo
372 2295 534 2346 summotus
563 2305 582 2342 a
602 2283 772 2362 republica,
792 2303 861 2342 mor
881 2285 1087 2344 emtoribus
1107 2287 1200 2344 araur

125 2409 247 2458 auctore
268 2403 374 2454 senatu
394 2393 477 2450 circa
502 2390 607 2449 Turios
628 2409 781 2468 oppressus
801 2398 850 2447 est.
880 2388 986 2448 Caesar
1007 2401 1110 2450 autem
1131 2390 1199 2470 pla·

125 2505 253 2564 nissime
280 2501 334 2560 lib.
363 2499 391 2558 3.
420 2498 458 2556 dc
478 2496 550 2555 bell.
572 2500 630 2554 civ.
652 2515 678 2554 o.
701 2495 750 2555 20.
772 2495 821 2555 21.
844 2497 932 2556 cuius
950 2495 1043 2554 verba
1063 2496 1199 2556 subscri-

123 2609 251 2670 bemus:
280 2603 393 2664 Iisdem
410 2601 588 2681 temporibus
607 2599 718 2658 Romae
738 2600 775 2657 M.
799 2598 916 2658 Ocelim
944 2599 1046 2680 Rufus
1067 2610 1197 2679 praetor,

123 2733 233 2774 canera
261 2711 426 2769 debitorum
453 2715 603 2785 suscepta,
632 2707 724 2762 initio
745 2707 938 2786 magistratus
959 2705 1094 2763 tribuual
1112 2725 1198 2763 sunm

33 2833 36 2836 ·
123 2822 214 2878 irrata
231 2814 260 2875 C.
280 2813 427 2884 Trebonii,
436 2813 587 2891 praetoris
604 2811 722 2882 urbani,
739 2810 841 2868 sellam
856 2809 1025 2880 collocavit,·
1039 2820 1076 2884 et,
1091 2812 1199 2888 siquis

124 2921 299 3003 appellasset
317 2918 352 2976 de
368 2917 582 2986 aestimatione,
604 2915 676 2972 etde
687 2914 895 2988 solutionibus,
906 2914 1199 2993 qnaeperarbitrum

115 3027 246 3108 flerent,
261 3034 295 3082 ut
314 3019 423 3080 Caesar
434 3039 577 3099 praeseus
595 3020 796 3090 constituerat,
810 3018 882 3098 sore
904 3019 1021 3079 aunilio
1036 3019 1197 3099 polliceba-

123 3143 183 3193 tur.
205 3137 246 3174 -ὲ
266 3128 316 3186 Ab
343 3127 395 3184 boc
417 3125 572 3204 profectus
592 3124 704 3194 initio,
725 3143 760 3180 ne
770 3123 893 3203 frustra
914 3125 1067 3204 ingressus
1086 3135 1198 3204 turpem

120 3253 263 3296 caussam
282 3231 447 3300 videretur,
469 3229 560 3309 legem
575 3227 797 3308 promulgavit,
816 3238 850 3284 nt
864 3230 1121 3315 responsionibus
1134 3231 1199 3288 sine

120 3341 228 3399 usuris
256 3336 384 3396 creditae
405 3335 552 3413 pecuniae
578 3332 739 3390 solvantur.
783 3329 856 3390 Cum
882 3335 1029 3391 resisteret
1050 3333 1198 3393 Seruilius

122 3444 230 3506 consul
235 3487 245 3518 ,
271 3441 437 3519 reliquique
454 3439 666 3520 magistratus,
690 3447 717 3494 et
742 3438 841 3494 minus
868 3438 1006 3516 opinione
1033 3459 1087 3496 aua
1106 3435 1199 3515 effice·

124 3561 186 3625 ret,
211 3548 251 3607 ad
272 3547 424 3605 bominum
448 3543 607 3602 eaeitouda
624 3542 740 3617 studia,
761 3541 878 3599 sublata
899 3543 1002 3621 priore
1023 3542 1102 3622 lege,
1125 3542 1199 3601 duas

116 3653 342 3740 proruulgaoit:
370 3669 479 3723 unam,
506 3668 566 3726 qua
595 3647 739 3704 mercedes
758 3645 976 3704 habitationum
996 3667 1112 3705 annuas
1133 3667 1199 3706 con-

123 3759 301 3822 ductoribus
327 3755 468 3824 donarit,
498 3752 620 3810 alteram
646 3751 814 3810 tabularum
846 3771 1006 3811 novarum:
1033 3754 1201 3833 impetuque

121 3849 332 3928 multitudinis
359 3862 393 3917 in
421 3858 451 3918 C.
483 3857 658 3916 Trebonium
676 3859 782 3935 scoto,
798 3867 825 3914 et
849 3856 1001 3918 nonnullis
1020 3858 1198 3934 vulneratis,
1242 3931 1245 3936 Ι

122 3993 194 4033 eum
223 3970 258 4028 de
280 3965 427 4025 tribunali
449 3961 627 4021 deturbavit.
668 3959 714 4018 De
733 3961 841 4039 quibus
858 3962 944 4019 rebus
966 3960 1115 4020 Se'reilius
1133 3983 1200 4021 cori·

120 4079 173 4139 sul
199 4077 240 4134 ad
265 4082 399 4132 senatum
424 4068 542 4127 retulit:
570 4074 744 4143 senatusque
775 4063 906 4122 Coelium
921 4065 958 4123 ab
985 4067 1138 4146 republica
1155 4088 1199 4126 re·

120 4182 302 4245 mouendum
323 4175 446 4236 censuit.
486 4171 551 4228 Hoc
568 4169 682 4256 decreto
702 4189 768 4225 eum
788 4168 891 4225 consul
908 4180 1012 4228 senatu
1025 4171 1198 4250 probibuit,

119 4302 152 4349 et
177 4283 354 4346 concionari
383 4286 537 4336 conantem
561 4275 595 4332 de
622 4272 742 4331 Rostris
761 4274 892 4333 deduxit.
936 4273 1010 4350 Ille,
1028 4275 1199 4353 ignominia

119 4405 149 4454 et
171 4391 271 4451 dolore
285 4393 452 4468 permotus,
465 4380 569 4460 palam
585 4399 615 4436 se
629 4359 787 4456 proficiici
802 4378 842 4437 od
860 4375 1012 4439 Caesarem
1027 4379 1197 4458 simulauit,
