2978 5186
802 399 866 460 150

347 606 428 681 Quid
445 606 540 684 igitur
557 605 751 686 statuendum
770 607 828 666 erit
846 606 886 666 do
906 611 1023 665 mutato
1040 605 1150 665 burum
1169 606 1373 685 epistolarum

304 712 431 786 ordine,
450 713 476 770 si
491 710 581 770 illum
597 731 666 771 cum
686 712 818 790 vulgatis
836 711 905 772 edd.
923 709 1083 770 conferas?
1110 689 1189 769 llum
1208 711 1311 772 statim
1329 711 1374 772 de

305 805 496 876 emendando
516 815 622 878 ordine
641 817 758 902 vulgari
778 817 910 894 cogitare
922 815 993 874 licet
1004 858 1012 891 ‚
1032 815 1105 894 quia
1114 814 1239 874 tiodiem
1249 817 1376 895 antiqui

305 948 415 1006 magno
446 947 574 987 numero
601 923 741 1003 epistolas
769 921 933 981 nonnullas
953 920 1042 979 aliter
1056 920 1310 980 collocaverunt?
1333 953 1379 966 --

305 1036 425 1094 Praeter
445 1033 531 1093 illam
549 1031 673 1092 lledicei
691 1021 899 1088 auctoritatem
916 1045 977 1086 non
988 1027 1088 1085 solum
1102 1025 1250 1086 naturalis
1261 1036 1293 1084 et
1303 1036 1379 1104 apta

304 1141 480 1200 coniunctio
496 1139 673 1198 verboruma
691 1133 776 1209 Non,
795 1131 970 1192 mehercules
989 1141 1046 1190 eto.
1066 1151 1138 1190 oum
1159 1131 1376 1190 antecedenti-

249 1247 251 1252 '
306 1244 364 1303 bus
393 1243 493 1302 verbis
508 1241 601 1320 Epist.
621 1242 651 1301 ll
672 1240 745 1298 libri
766 1239 837 1297 Vlll
858 1255 913 1297 nos
929 1239 1027 1316 cogit,
1047 1249 1202 1315 receptum
1221 1235 1308 1295 hunc
1325 1253 1380 1294 or·

305 1349 429 1426 dinem,
453 1349 533 1406 sicut
564 1348 625 1406 iam
650 1344 817 1404 Politianus
849 1344 983 1413 monuit,
1010 1340 1099 1419 longe
1126 1339 1298 1419 prnrfferre,
1323 1339 1381 1398 sed

305 1455 372 1532 ipsa
396 1471 519 1534 quoque
537 1453 662 1511 illarum
683 1458 751 1510 octo
769 1448 965 1532 epistolarum
985 1445 1057 1505 libri
1075 1445 1145 1503 Vlll
1162 1463 1236 1504 cnm
1249 1443 1379 1522 epistola

304 1559 367 1618 let
387 1557 411 1616 ll
430 1556 504 1616 libri
520 1556 590 1615 Vlll
610 1555 763 1648 copulatio
777 1563 822 1612 est
844 1554 933 1630 louge
954 1553 1071 1630 aptior,
1092 1551 1165 1630 quia
1186 1547 1378 1608 omuesillae

307 1682 370 1722 uno
392 1662 456 1721 fere
473 1679 553 1720 anno
570 1669 600 1719 ct
616 1670 686 1719 ante
700 1657 818 1718 bellum
833 1656 924 1714 civile
934 1664 1005 1714 snut
1017 1656 1165 1734 scriptae;
1184 1673 1257 1726 curn
1269 1663 1379 1712 eontra

306 1767 430 1847 epistola
461 1765 511 1825 XV
539 1774 569 1824 et
597 1763 661 1822 xv1
683 1763 754 1820 libri
776 1761 831 1833 lx,
853 1763 933 1819 inter
954 1780 1029 1841 quas
1047 1761 1119 1818 illae
1139 1767 1320 1838 ponuntur,
1338 1757 1378 1817 de

307 1871 498 1950 temporibus
519 1869 650 1928 Caesaris
671 1870 769 1925 victor
770 1869 795 1924 is
817 1876 915 1942 agant.

345 1977 552 2036 Nihilominus
569 1985 669 2058 tamen
692 1973 807 2050 inquiri
829 1971 938 2045 debet,
965 1961 1118 2048 quomodo
1132 1970 1202 2028 lieri
1222 1970 1377 2048 potuerit,

306 2091 341 2141 ut
366 2081 510 2160 epistolae
540 2051 613 2136 libri
632 2077 702 2136 Vlll
734 2077 772 2135 ad
791 2074 927 2134 medium
947 2075 1058 2133 librum
1077 2092 1193 2134 nonum
1212 2076 1381 2134 reiicereu-

309 2185 381 2243 tur?
404 2215 444 2229 -
465 2183 551 2243 llaud
580 2182 675 2242 dubie
702 2181 820 2239 diuerso
841 2153 1032 2260 epistolarum
1053 2177 1205 2238 Ciceronis
1226 2179 1381 2253 collectio,

307 2288 393 2345 corio
425 2297 550 2366 tempore
568 2271 677 2366 sactu,
698 2287 773 2343 huic
801 2285 971 2363 perturbati
991 2285 1107 2342 ordinis
1129 2283 1305 2342 confusioni
1323 2286 1381 2343 ori·

308 2378 412 2469 pinam
442 2390 538 2448 dedit.
579 2389 665 2447 Prius
696 2389 823 2466 quidem
853 2391 1026 2468 promiscuo
1053 2409 1109 2447 nec
1135 2399 1218 2449 certo
1245 2389 1382 2468 quodam

308 2495 438 2555 consilio
467 2494 613 2580 collectae
633 2504 662 2551 et
683 2495 715 2550 in
737 2492 848 2571 vulgus
868 2493 967 2553 editae
987 2513 1051 2553 esse
1070 2495 1223 2553 videntur.
1265 2494 1383 2554 Deinde

308 2602 341 2658 in
367 2600 464 2678 priori
489 2599 669 2658 collectione
696 2598 815 2677 aliquid
846 2598 984 2658 consulto
1015 2608 1046 2657 et
1076 2578 1159 2658 certo
1184 2599 1315 2658 consilio
1336 2609 1383 2657 est

306 2713 523 2784 permutatum.
567 2703 759 2777 cumcuim,
779 2711 813 2762 ut
834 2705 891 2762 hoo
911 2717 999 2779 utar,
1028 2705 1186 2779 riderent,
1205 2706 1288 2762 inter
1307 2703 1384 2762 alio·

307 2831 378 2871 rum
405 2812 507 2872 literas
536 2810 575 2869 ad
602 2810 776 2868 Ciceronem
815 2811 919 2868 missas
956 2831 1085 2870 numero
1116 2810 1207 2886 longe
1242 2825 1384 2886 superare

307 2917 343 2976 ll.
373 2917 467 2976 Coelii
493 2916 654 2994 epistolas,
684 2915 755 2974 illae
784 2901 974 2974 coniunctim
1003 2927 1032 2974 et
1057 2933 1120 2974 uuo
1135 2914 1294 2972 volumine
1311 2919 1384 2971 suut

309 3026 485 3096 congestae,
505 3041 583 3101 quae
599 3031 687 3079 antea
704 3021 859 3098 dispersae
875 3040 946 3079 cum
962 3021 1030 3079 aliis
1045 3021 1227 3099 legebantur
1236 3016 1384 3096 epistolis.

309 3124 385 3184 Cum
413 3143 504 3202 porro
531 3125 682 3203 plurimae
703 3125 848 3203 epistolae
865 3123 1018 3184 Ciceronis
1036 3124 1306 3184 commendatitiae
1322 3121 1386 3180 cir·

310 3227 537 3288 cumferrentur
547 3273 555 3303 ,
575 3247 645 3288 mox
670 3229 830 3308 ereliqnis
849 3229 977 3289 selectae
995 3240 1024 3294 et
1042 3249 1105 3288 nuo
1126 3229 1286 3296 volumine
1305 3245 1386 3286 oom-

311 3333 478 3412 prehensae
506 3343 605 3407 sunt5.
629 3352 686 3392 neo
716 3333 874 3392 dissimilis
901 3336 977 3392 ratio
1004 3343 1108 3413 postea
1137 3336 1170 3392 iu
1198 3335 1269 3392 aliis
1288 3333 1387 3392 literis

311 3457 436 3518 qnoque
456 3437 634 3496 ordinandis
652 3438 794 3497 obtinuit.
836 3440 901 3513 Quo
917 3439 1033 3498 factum
1053 3448 1115 3514 est,
1134 3441 1219 3497 utin
1240 3437 1387 3498 omnibus

310 3543 374 3602 lere
394 3543 482 3601 libris
502 3544 603 3600 variae
623 3543 781 3601 literarum
799 3544 1101 3623 iam'desoriptarum
1119 3544 1318 3622 repetitiones
1333 3561 1388 3602 oo-

309 3656 453 3714 comant,
478 3665 609 3723 quarum
630 3646 777 3725 quasdam
802 3666 886 3706 nuuc
914 3650 1041 3729 quidem
1068 3648 1201 3726 exempli
1230 3646 1301 3706 loco
1322 3646 1389 3704 lan·

310 3749 410 3822 dabo,
438 3767 517 3826 quae
546 3751 658 3827 partim
690 3749 726 3809 ll.
762 3749 914 3824 Coelium,
946 3755 1057 3832 partim
1090 3752 1289 3812 Cornificium
1318 3769 1391 3828 spe-

309 3861 406 3934 ctant.
446 3854 493 3912 lta
513 3854 670 3934 epistolam
690 3854 730 3913 lx
750 3854 869 3916 librili
886 3869 952 3936 post
982 3859 1099 3937 epistol.
1125 3858 1151 3915 V
1171 3857 1246 3915 libri
1263 3856 1336 3916 VlIl
1355 3858 1391 3914 in

310 3957 435 4034 rorgo.
456 3957 504 4016 ur.
525 3957 558 4032 1,
579 3958 626 4031 11,
645 3957 822 4039 v,-0pm.
842 3943 1393 4041 xrnuanpatep.v1'11usnv111

309 4065 342 4120 in
360 4062 482 4139 Torgav.
505 4071 535 4121 et
550 4063 599 4121 llr.
620 4063 670 4137 Il,
687 4096 727 4108 -
744 4068 830 4144 epist.
849 4064 904 4124 llll
926 4066 997 4126 libri
1011 4067 1042 4127 ll
1062 4063 1131 4146 pust
1146 4067 1234 4146 epist.
1253 4066 1296 4126 lX
1318 4065 1394 4124 libri

307 4165 380 4226 vlll
410 4167 443 4224 iu
464 4165 590 4244 Torgar.
607 4168 655 4226 llr.
674 4168 704 4227 ll
723 4177 753 4227 et
773 4169 815 4229 lll
836 4170 969 4249 relegere
986 4174 1067 4232 licet
1110 4173 1169 4231 Sed
1188 4190 1297 4231 omues
1317 4171 1392 4230 illae

310 4268 418 4329 literne.
448 4287 465 4327 a
494 4265 637 4329 Cicerone
666 4269 706 4330 ad
730 4270 767 4330 ll.
797 4270 932 4334 Coelium
960 4278 1069 4336 missac
1088 4281 1175 4356 prius
1195 4277 1394 4346 coniunctim

308 4391 381 4433 oum
410 4371 505 4432 Coelii
530 4372 667 4450 epistolis
695 4373 773 4434 forte
794 4375 993 4456 legebantur,
1011 4401 1105 4462 quam
1127 4401 1226 4441 nuum
1242 4381 1396 4441 volumen

310 4478 389 4538 solas
410 4477 504 4538 (loelli
528 4477 672 4556 epistolae
695 4479 872 4542 contineret.
915 4483 1012 4557 Quare
1032 4485 1079 4545 illi
1102 4485 1227 4546 (jndice⁰
1249 4504 1321 4527 m...
1342 4504 1400 4544 no·
