3012 5182
442 332 687 420 v'u

48 555 58 568 ’
134 597 240 670 quum
275 571 393 644 tardus
435 584 471 642 et
488 571 628 666 'parum
661 571 779 643 efficax
814 573 877 642 sit:
923 573 1076 668 itemque
1122 574 1199 647 Scr-

134 703 233 772 vius¹
265 723 369 796 quam
402 710 593 772 cunctator.
655 699 852 771 Cuiusmodi
884 711 986 794 putas
1020 699 1082 774 hos
1110 726 1199 792 esse,

134 842 195 900 aut
226 839 359 925 quam·²
396 827 456 917 id,
490 827 582 922 quod
619 827 752 916 nolint,
779 826 944 900 conficere
968 849 1088 922 posse,
1112 831 1199 924 qui,

133 980 224 1052 quac
240 957 243 964 ’
259 958 430 1050 cupiunt,
465 967 601 1026 tamen³
635 957 682 1026 ita
718 955 839 1049 frigide
872 967 1002 1051 agunt,
1036 968 1076 1027 ut
1108 958 1200 1030 nolle

131 1081 402 1154 existimentur?
438 1081 472 1152 5.
495 1082 595 1154 Novis
618 1083 872 1176 magistratibus
895 1095 1036 1176 autem,
1059 1088 1086 1156 si
1121 1085 1200 1158 Par

132 1211 268 1282 thicum
302 1209 431 1280 bellum
468 1211 555 1299 erit,
593 1209 677 1280 haec
713 1234 811 1281 causa
837 1211 966 1306 primos
988 1237 1119 1284 menses
1142 1237 1199 1286 oc·

132 1340 309 1435 oupabit..
338 1337 398 1408 Sin
442 1348 557 1408 aulem
596 1345 664 1408 'aut
708 1363 777 1410 non
799 1339 880 1408 'erit
916 1340 991 1410 istic
1028 1340 1201 1430 bellumt,

129 1477 191 1536 aut
228 1475 364 1536 tantum
395 1464 495 1554 criu,
534 1475 574 1536 ut
611 1489 670 1537 vos
695 1476 756 1536 aut
777 1488 983 1538 successoros
1008 1469 1120 1563 parvis
1143 1467 1201 1538 ad·

129 1591 213 1661 ditis
240 1592 362 1687 'copiis
404 1592 571 1663 sustinere
615 1593 765 1687 possint:
788 1591 989 1668 'Curionem
1026 1597 1126 1670 video
1162 1619 1198 1668 se

130 1721 317 1815 dupliciter
351 1723 579 1808 iactaturum3
615 1723 790 1826 primum,
828 1732 868 1792 ut
902 1722 1035 1817 aliquid
1064 1723 1197 1795 Caesari
1307 1728 1313 1736 '

130 1849 283 1937 adimat3
315 1849 419 1920 inde⁸
441 1861 481 1920 ut
505 1849 637 1945 aliquid
661 1849 823 1944 Pompeio
847 1849 1001 1940 tribuat,
1026 1852 1195 1945 quodvis?

131 1976 324 2072 quamlibet
358 1960 475 2048 tenue
494 1977 752 2048 munusculum.
803 1975 942 2048 Paullus
976 1994 1103 2072 porro⁸
1126 2001 1197 2050 nou

130 2105 280 2176 humane
317 2107 361 2178 de
394 2109 568 2203 provincia
604 2108 781 2202 loquitur:
808 2107 911 2178 huius
935 2105 1115 2200 cupiditati
1138 2127 1195 2176 oc·

128 2257 292 2304 cursurus
334 2246 385 2305 est
426 2235 571 2306 Furnius
606 2246 744 2321 noster3
780 2235 896 2328 plures
931 2233 1094 2327 suspicari
1126 2256 1195 2303 uon

127 2382 279 2456 possum.
329 2357 366 2430 6.
392 2362 484 2434 llaec
505 2364 605 2434 novi:
628 2361 717 2445 alia,
741 2385 829 2456 quae
853 2372 995 2459 possunt
1019 2361 1193 2454 accidere,

126 2512 197 2560 non
231 2513 342 2560 cerno.
392 2490 500 2561 Multa
538 2503 674 2584 tempus
698 2489 840 2588 afferct3
863 2500 1061 2586 praeparata
1083 2490 1193 2560 multa

125 2618 274 2688 resci00:
312 2617 372 2689 sed
410 2619 498 2688 intra
520 2618 605 2689 fines
626 2618 710 2710 hos,
725 2642 959 2714 »quaecunque
982 2619 1190 2709 acciderint,

126 2758 315 2817 vertentur.
367 2745 457 2816 Illud
484 2746 592 2844 oddo:¹
626 2742 736 2844 [ad¹⁰]
773 2747 920 2816 actiones
945 2745 983 2816 C.
1010 2747 1189 2834 Curionis,

126 2871 173 2944 dc
196 2898 275 2967 agro
294 2874 486 2969 Campano:
510 2873 553 2944 dc
576 2897 647 2968 quo
668 2885 795 2966 negant
817 2871 992 2944 Caesarem
1014 2873 1189 2964 laborare,

124 3031 383 3049 m

171 3110 212 3178 (1)
236 3127 271 3150 ⁴-
296 3113 417 3166 servium
438 3115 506 3166 vict.
529 3115 554 3166 2.
580 3114 673 3166 Lamb.
696 3113 790 3166 Graer.
810 3122 897 3164 contra
919 3111 972 3164 ld.
1008 3112 1049 3180 (2)
1072 3111 1116 3166 Sic
1136 3113 1189 3166 ld.

124 3198 194 3250 vict.
219 3200 245 3251 2.
268 3201 364 3253 Bened.
380 3205 472 3272 —qul
489 3204 557 3257 Cett.
603 3204 644 3272 (3)
662 3221 762 3255 -om.
780 3208 868 3255 lamen
883 3201 952 3254 Crat·
988 3201 1027 3269 (1)
1044 3197 1088 3254 Sic
1108 3202 1191 3273 Neap.

121 3289 192 3341 vict.
211 3291 225 3341 1
247 3289 1193 3346 1121111111).-ήηαιιέεὶέαιιίποπινίέί.ὸ.1111.Βακὰ-εἰη

122 3383 212 3430 autem
233 3398 286 3432 non
309 3385 360 3433 erit
384 3383 478 3435 Graer.
503 3383 565 3436 Em.
592 3383 655 3436 Sch.
692 3381 732 3452 (5)
756 3381 801 3434 Sic
825 3381 894 3431 Viot.
912 3381 938 3433 2.
957 3379 1193 3447 &qm—autem

123 3472 182 3520 rum
206 3471 257 3520 erit
278 3471 330 3522 ldd.
350 3501 385 3512 -
409 3478 458 3524 aul
480 3477 538 3524 lum
557 3475 608 3524 erit
633 3472 701 3525 Crat.
732 3471 799 3522 Vict.
823 3470 848 3520 1.
886 3467 1190 3537 (up-deindetamb.

125 3557 166 3625 (7)
183 3557 226 3610 Sic
239 3559 309 3612 Crat.
325 3560 394 3612 Vict.
410 3564 435 3614 2.
453 3562 544 3613 Lamb.
561 3591 595 3604 -·
611 3563 714 3631 quidvis
729 3559 796 3614 Ceu.
812 3575 872 3610 oum
886 3558 938 3610 lld.
975 3557 1015 3626 (8)
1039 3587 1074 3597 -
1093 3572 1192 3625 quoque

122 3646 209 3716 Margo
235 3647 304 3702 Crat.
340 3651 380 3718 (9)
402 3649 447 3703 Sic
470 3652 558 3720 scripsi
583 3668 645 3701 cum
668 3649 736 3700 vio.
760 3649 806 3720 2,
834 3650 882 3716 qui
906 3657 1010 3698 lamen:
1034 3673 1069 3688 -·
1089 3645 1192 3711 adseret

122 3741 234 3805 tempus.
254 3768 289 3780 —
311 3722 397 3790 mullo
420 3745 522 3808 tempus
544 3740 642 3806 afferre
665 3743 690 3790 el
707 3742 873 3806 praeparatu
889 3737 975 3788 mullo
990 3737 1071 3788 restio
1083 3735 1134 3786 ldd.
1151 3737 1192 3804 (in

28 3855 36 3870 .
121 3830 203 3878 roseio
217 3845 266 3898 pro
284 3831 391 3881 rescisco
406 3847 467 3881 sane
483 3828 648 3880 offendimus.
684 3827 794 3878 Fuitne:
811 3827 915 3890 mullo,
936 3829 969 3876 ut
986 3827 1047 3876 scio.
1081 3824 1125 3876 Sic
1133 3826 1188 3892 Ep.

121 3915 172 3979 12,
201 3915 228 3980 §.
254 3919 279 3968 1.
308 3918 351 3986 [h.
377 3919 428 3971 Ed.
447 3921 502 3987 Ep.
524 3917 593 3968 xxi.
617 3916 658 3983 1.]
683 3935 731 3984 pro
756 3919 841 3984 ipsum
861 3914 1040 3983 reprenderem
1063 3911 1190 3981 probabi-

120 4004 181 4056 liter
200 4007 387 4059 emendarunt:
416 4009 501 4074 ipsom
523 4011 555 4056 ul
579 4005 755 4073 pranderem.)
782 4032 816 4046 -
840 4021 875 4054 m.
896 4008 917 4054 l.
939 4003 1037 4068 afferre
1052 4006 1078 4052 et
1099 4019 1128 4069 p.
1153 4019 1187 4054 m.

117 4111 169 4145 esse
189 4097 242 4146 ocio
264 4095 347 4164 Neap.
371 4097 462 4164 Autiq.
486 4094 555 4148 Crat.
578 4094 646 4144 Vlct.
671 4093 696 4144 1.
722 4092 819 4144 Bened.
842 4120 877 4134 -
898 4109 934 4142 m.
958 4095 978 4141 l.
997 4091 1094 4157 offerre
1114 4095 1138 4140 el
1157 4109 1187 4158 p.

121 4184 207 4234 mullo
236 4186 289 4236 reio
311 4184 405 4236 Lamb.
428 4185 522 4237 Gruev.
544 4183 607 4252 Ero.
631 4211 666 4223 -·-
685 4199 720 4234 m.
741 4187 762 4233 t.
788 4183 885 4249 afferre
905 4187 930 4232 el
943 4183 1109 4251 praeparatu
1125 4195 1188 4229 mu-

121 4277 178 4323 tare
201 4277 226 4325 tc
244 4276 388 4342 perspicere
408 4277 460 4326 scic
483 4291 517 4325 ex
535 4273 643 4324 immani
669 4273 788 4342 interpol.
812 4273 918 4324 Ascens.
935 4271 996 4324 Soli.
1016 4271 1040 4320 2.
1078 4266 1134 4336 (10)
1151 4285 1186 4316 ω

119 4361 171 4412 del.
185 4363 237 4427 ad,
256 4375 344 4428 reolo,
367 4375 445 4434 puto,
471 4362 562 4416 Lamb.
579 4361 635 4430 Ego
657 4361 692 4428 [l

700 4398 705 4410 Ι

682 4415 691 4428 d
