3034 5166
631 417 672 478 75

115 631 231 724 copias
266 637 301 698 et
334 622 525 718 eligendam
558 633 692 717 partem
706 634 731 694 ¹.

164 753 204 826 4.
254 753 365 847 Prope
398 750 525 822 oblitus
562 773 660 839 sum,
697 750 790 843 quod
824 751 969 822 maxime
1004 751 1071 822 suit
1101 752 1186 823 scri·

115 882 284 955 bendum.
334 876 406 948 Seis
428 875 582 972 Appium
608 895 780 948 censorem
802 877 859 947 hic
884 869 1014 949 dstenta
1043 875 1183 949 facere?

117 1009 163 1080 de
196 1007 300 1104 signis
337 1015 374 1077 et
395 1003 547 1092 tabulis,
570 1003 615 1074 de
638 1005 735 1098 agri²
760 1005 884 1096 modo,
908 1005 953 1076 de
978 1030 1054 1077 aere
1075 1007 1186 1078 alieno

115 1135 282 1208 acerrime
316 1128 449 1226 agere?
498 1131 699 1206 Persuasum
731 1142 783 1202 est
807 1132 841 1206 ei
860 1155 1037 1206 censuram
1059 1133 1186 1208 lomen-

118 1275 198 1336 tum
230 1272 291 1332 eut
331 1261 464 1332 nitrum
495 1283 578 1332 esse.
641 1259 760 1334 Errare
792 1261 877 1333 mihi
911 1261 1070 1332 videtur:
1106 1283 1186 1332 nem

112 1390 258 1464 sordes·
303 1390 418 1461 eluere
463 1388 564 1476 vult3
599 1409 701 1460 venas
735 1389 800 1458 sibi
836 1405 952 1458 omnes
985 1397 1021 1458 et
1058 1389 1186 1460 viscera

115 1517 239 1616 aperit.
290 1513 420 1610 Curre,
455 1539 519 1612 per
553 1513 633 1587 deos
666 1527 770 1612 etque
806 1509 979 1587 homines!
1012 1527 1048 1610 et
1080 1539 1185 1614 quam

116 1646 274 1742 primum
309 1644 392 1719 haec
427 1645 534 1716 risum
567 1646 664 1716 reni:
700 1645 783 1739 legis
806 1645 997 1718 Scantiniae
1019 1631 1186 1716 iudicium

118 1771 216 1868 apud
253 1769 403 1842 Drusum
437 1769 535 1859 fieri,
583 1768 737 1866 Appium
772 1770 818 1842 de
852 1771 979 1842 tubulis
1014 1783 1050 1843 et
1082 1773 1185 1866 signis

116 1915 228 1991 agere.
279 1896 388 1967 Crede
412 1895 519 1987 mihi,
543 1907 595 1967 est
618 1895 883 1990 properandum.

171 2019 205 2094 5.
256 2023 358 2096 Curio
402 2034 515 2095 noster
558 2021 727 2119 sapienter
760 2023 820 2113 id,
852 2023 946 2118 quod
978 2023 1107 2094 remisit
1141 2023 1186 2096 de

120 2126 291 2248 stipendio
323 2148 497 2244 Pompeii,
534 2149 650 2222 fecisse
685 2149 907 2222 existimatur.
979 2237 981 2242 ι

166 2277 203 2351 6.
253 2275 309 2352 Ad
346 2301 538 2368 summam,
576 2277 729 2372 quaeris,
763 2277 850 2372 quid
871 2288 994 2370 putem
1016 2278 1184 2354 futurum.

119 2407 157 2478 st
193 2407 361 2478 alteruter
394 2397 513 2478 eurum
546 2405 592 2476 cd
626 2405 823 2476 Parthicum
853 2405 987 2477 bellum
1019 2429 1088 2478 nou
1107 2419 1187 2499 eat,

114 2531 217 2604 ridec
248 2553 386 2626 magnas
419 2519 620 2628 imperdere
654 2533 854 2624 discordias,
893 2555 977 2630 quas
1002 2532 1132 2606 ferrum
1150 2546 1188 2605 et

116 2660 169 2729 vis
204 2656 371 2732 iudicabit
382 2673 407 2727 ⁴.
482 2655 635 2754 Uterque
681 2671 743 2730 et⁵
776 2661 889 2732 animo
922 2670 958 2729 et
995 2659 1101 2754 ecpiis
1135 2672 1188 2732 est

112 2796 267 2884 paratus.
317 2784 353 2858 Si
383 2786 455 2858 siue
478 2795 566 2879 tuo⁰
589 2785 745 2879 periculo
768 2785 843 2858 fieri
863 2797 1000 2882 posset,
1023 2810 1186 2881 magnum

109 2923 151 2988 et
185 2911 374 2994 iucundum
409 2909 475 2982 tibi
506 2909 655 3000 Fortuna
686 2911 934 3006 spectaculum
956 2911 1112 3006 parebat.

165 3147 207 3216 (1)
222 3145 267 3200 Sic
284 3149 376 3216 Antiq.
391 3146 461 3200 Oret.
476 3146 544 3199 Vter.
562 3148 577 3202 1
595 3156 621 3200 et
633 3146 661 3198 Ξ.
677 3145 769 3198 timu.
786 3147 882 3199 Beued.
900 3165 936 3198 Ν
951 3153 977 3199 et
991 3149 1029 3200 ud
1041 3147 1101 3216 elif.
1113 3163 1185 3220 patr·

118 3239 173 3287 tem
187 3234 271 3305 Neup.
291 3237 370 3305 (quae
395 3237 474 3290 addit
485 3236 564 3304 gloss·
586 3237 724 3304 tutiorem)
747 3235 810 3290 Ern-
828 3236 890 3290 Sch.
913 3266 947 3278 -
968 3243 993 3289 ct
1009 3239 1045 3292 ad
1057 3239 1187 3304 eligendas

111 3329 208 3394 partes
230 3325 325 3378 Greev.
346 3327 409 3379 sert.
426 3327 495 3379 Md:
513 3355 548 3366 -
561 3327 681 3393 utrisque
696 3326 756 3394 (sic)
775 3329 862 3392 copias
877 3330 903 3376 et
917 3326 1046 3390 eligendas
1067 3328 1186 3394 utrisque

116 3415 208 3480 copiae
225 3418 251 3464 et
276 3415 419 3480 eligendam
437 3421 552 3485 partem.
590 3414 630 3483 (2)
658 3444 693 3454 -
718 3417 793 3479 agric
813 3414 867 3468 trd.
888 3414 956 3465 Crat.
979 3413 1047 3464 Vict.
1073 3415 1087 3464 1
1113 3425 1139 3465 et
1160 3415 1186 3468 2.

119 3501 162 3569 (3)
187 3521 224 3553 m
245 3518 309 3554 nam
331 3505 393 3555 dum
416 3522 437 3556 o.
457 3501 549 3556 Lamb.
585 3501 627 3570 (d)
650 3529 685 3544 ·-
707 3501 850 3553 vindicabit
875 3502 944 3555 Crat.
980 3501 1020 3570 (5)
1038 3529 1073 3542 -
1089 3518 1141 3554 om·
1160 3505 1185 3552 ct

116 3589 215 3642 emer.
239 3591 304 3643 um.
330 3592 394 3644 seu.
430 3593 470 3661 (c)
487 3577 532 3644 'su
544 3589 613 3643 rut.
626 3591 651 3642 1.
668 3589 761 3643 crau.
777 3591 839 3643 um.
855 3591 917 3645 su.
933 3617 968 3633 -
982 3606 1029 3644 suo
1045 3589 1097 3642 uu.
1111 3589 1182 3642 cru.

114 3678 216 3732 Bened.
233 3711 268 3722 -
281 3697 382 3734 summo
397 3681 465 3736 vic.
482 3682 507 3733 Ἃ.
526 3679 618 3734 tamt.
634 3678 700 3730 tall.
