2978 5186
572 383 574 388 ’
614 372 676 431 143

116 581 166 632 tus
182 572 275 632 babes
292 573 326 630 in
342 575 467 652 epistola
487 561 554 636 1121.
571 576 691 638 ultime.
720 577 778 637 Sed
796 578 835 638 ad
849 581 965 658 priores
982 588 1178 664 revertimur,

114 677 243 755 scriptae
262 676 403 737 Cicerone
422 681 619 758 proconsule:
638 682 670 740 in
682 682 888 763 quibusquod
908 688 1097 764 publicae
1115 703 1178 752 erat

112 800 253 856 caussae,
273 783 384 859 partim
404 783 555 862 diximus,
574 787 702 864 partim,
723 807 802 865 quae
819 788 858 846 ad
877 792 967 852 initia
986 795 1087 854 civilis
1105 797 1179 857 belli

113 888 286 966 pertineat,
307 889 427 964 excerpi
447 886 589 946 volumus
609 908 645 946 ex
664 909 709 967 ep.
727 890 800 951 xlv.

155 979 342 1050 Privatae
361 989 571 1049 causiae‘sunt
585 992 624 1052 de
640 992 771 1068 luillae,
782 995 933 1058 Ciceronis
951 1001 1048 1074 filiae,
1067 1006 1183 1084 nuptiis

112 1114 187 1154 oum
203 1092 373 1166 Dolabella,
394 1114 439 1172 ep:
458 1095 537 1155 lllll.
556 1105 585 1154 et
595 1097 768 1159 Dolabellae
783 1106 952 1164 temeritate
967 1107 1111 1168 adversus
1125 1109 1184 1188 ap·

114 1201 202 1279 pium
232 1199 414 1272 Pulchrum,
445 1221 537 1280 quem
556 1215 764 1263 accusaverat:
794 1207 866 1266 item
894 1208 932 1268 de
954 1210 1110 1272 Dolabella
1134 1213 1185 1272 XV

113 1306 200 1378 viro,
227 1305 247 1363 i.
277 1323 302 1362 e.
327 1303 443 1382 collega
461 1325 582 1378 eoram,
607 1307 720 1385 quibus
741 1310 812 1369 solis
824 1311 943 1373 'licebat
962 1315 1124 1394 Sibyllinos
1143 1319 1185 1378 li·-

114 1410 186 1469 bros
211 1407 376 1488 inspicere:
404 1409 443 1468 dc
471 1411 747 1490 supplicationibus
768 1415 904 1476 Ciceroni
925 1419 1054 1480 decretis
1070 1442 1116 1501 ep.
1137 1423 1183 1483 Xl.

113 1513 155 1573 de
175 1512 266 1592 Appii
293 1533 436 1587 censura,
467 1534 560 1593 quam
581 1518 714 1594 exagitat
735 1538 781 1597 ep.
802 1519 867 1580 xlv
886 1523 945 1581 sub
965 1525 1073 1599 finem,
1095 1529 1184 1588 etde

114 1618 245 1677 aliorum
266 1619 518 1678 accusationibus.
756 1632 758 1637 '

155 1723 429 1802 Antiquitatcs
447 1725 479 1782 ia
500 1725 558 1782 lroo
578 1723 659 1784 libro
679 1733 709 1786 et
728 1726 917 1790 formulae
936 1734 1085 1796 solemnes
1106 1738 1183 1798 bene

117 1831 234 1891 multae
252 1841 436 1890 occurrunt:
460 1833 539 1890 ritus
552 1833 751 1914 prosequendi
767 1843 850 1893 cetra
866 1837 1049 1912 uehemens,
1078 1845 1132 1921 qui
1149 1845 1182 1904 in

117 1937 305 2017 provinciam
322 1935 539 2012 mittebantur,
555 1955 601 2015 ep.
621 1936 644 1995 I.
666 1938 724 1996 sub
736 1940 846 1998 initia
859 1936 956 2020 notis;
975 1948 1072 2006 otium
1083 1947 1182 2006 rubro·
1216 1969 1219 1976 ·

96 2045 99 2060 ¹
116 2061 301 2122 strenarum,
321 2049 385 2108 ead.
406 2068 452 2127 ep.
478 2069 507 2108 ιι.
530 2047 559 2110 9.
580 2049 724 2108 theatrum
746 2048 903 2126 Curionis,
925 2070 971 2130 ep.
989 2051 1027 2110 ll.
1049 2051 1115 2110 lodi
1131 2072 1183 2112 ve-

117 2155 287 2226 nationum,
305 2153 380 2213 ibid.
399 2163 430 2212 et
449 2153 498 2214 Vl.
519 2154 584 2214 ledi
603 2153 750 2232 Romani,
770 2175 816 2236 ep.
834 2157 915 2218 v111.
927 2157 1104 2237 paludatum
1115 2141 1183 2216 'eri-

119 2280 166 2336 re,
184 2280 230 2339 ep.
247 2259 282 2318 X.
301 2279 331 2318 ιι.
352 2262 379 2318 5.
400 2259 445 2318 lec
460 2261 579 2335 ,siurim
601 2282 647 2340 ep.
668 2261 716 2332 Ill.
736 2282 767 2321 n.
787 2261 834 2323 13.
859 2263 895 2322 Et
913 2263 1111 2323 formulae:
1130 2263 1183 2321 de·

117 2363 295 2424 scenderein
308 2384 465 2444 campum,
484 2386 530 2444 ep.
551 2365 599 2425 lv.
619 2387 649 2425 n.
666 2365 694 2426 2.
714 2385 871 2446 seponerem
884 2369 990 2448 ferre,
1006 2368 1081 2428 ibid.
1102 2388 1132 2428 ιι.
1152 2367 1181 2428 9.

119 2469 159 2528 od
185 2469 285 2528 urbem
306 2489 381 2542 esee,
401 2470 477 2529 ibid.
494 2489 524 2529 ιι.
549 2470 597 2529 10.
614 2474 805 2530 auctoritates
818 2465 1017 2553 perscriptae,
1039 2494 1085 2554 ep.
1103 2474 1182 2534 lllIl.
1206 2515 1208 2528 ,

118 2596 149 2635 ιι.
180 2574 225 2634 12.
244 2573 399 2633 candendo
416 2575 535 2649 adesse,
556 2575 631 2635 ibid.
654 2577 811 2637 lomentum
831 2589 883 2636 cet
904 2581 1017 2638 nitrum
1036 2600 1111 2654 esse,
1134 2599 1181 2658 ep.

119 2680 193 2740 xlv.
222 2700 254 2739 ιι.
284 2680 331 2740 10.
347 2680 473 2760 precede
493 2690 599 2756 notus,
621 2699 667 2760 ep.
689 2681 747 2742 XV.
768 2704 797 2741 n.
812 2682 855 2743 -8.
884 2685 1091 2744 munusculum
1121 2684 1181 2743 oli-

119 2787 169 2846 cur‘
185 2786 299 2865 deferre
319 2783 363 2865 (in
381 2785 491 2845 malam
512 2784 657 2866 partem),
677 2806 724 2866 ep.
746 2786 826 2847 VIII.
844 2809 874 2847 n.
896 2788 924 2848 3.
946 2798 977 2848 et
996 2789 1061 2849 XII.
1080 2809 1110 2848 n.
1129 2788 1159 2848 2.

273 2995 369 3054 Corra.
393 2994 520 3070 Coarms,
542 2993 684 3054 Annotat.
703 2995 743 3053 od
765 2993 896 3056 Cicerae.
917 2995 1015 3076 Epist.

335 3161 338 3170 Δ
365 3100 405 3160 ud
424 3099 566 3159 Diversus
586 3102 618 3161 L.
639 3100 720 3161 VIII.
740 3101 791 3181 Ep.
813 3101 841 3162 7.
862 3099 891 3186 ᾗ.
912 3101 941 3164 3.

159 3313 196 3372 ln
224 3312 316 3370 tantis
344 3310 476 3370 tenebris
503 3313 554 3370 vix
581 3331 636 3370 nos
655 3311 841 3390 expedImus.
883 3309 976 3370 Coelii
994 3283 1094 3369 antem
1116 3313 1182 3389 epi-

119 3418 221 3493 stolis,
248 3420 274 3476 si
303 3419 381 3476 tanti
409 3425 524 3491 essent,
552 3415 737 3494 singularem
765 3415 929 3494 quamdam
951 3435 1055 3500 euram
1076 3415 1181 3475 deberi
1232 3481 1234 3492 ,

120 3523 347 3595 existImamus,
364 3540 443 3600 quae
460 3520 547 3580 nobis
563 3530 644 3580 certe
654 3520 885 3600 properantibus
895 3539 956 3604 non
966 3519 1044 3579 foret
1054 3521 1181 3600 integra.

212 3695 270 3752 Ion.
299 3693 429 3752 Nicotaus
460 3693 600 3768 Fercems,
635 3692 786 3751 flectatur
817 3692 852 3750 ele
876 3691 963 3750 vinti
992 3702 1085 3751 aetate

237 3796 365 3856 Latinae
383 3796 538 3878 Linguae,
558 3798 629 3858 Pers
649 3798 743 3858 altera
764 3797 844 3880 (Cap.
865 3799 890 3858 l.
911 3799 950 3859 de
970 3799 1063 3859 Clario

436 3902 611 3962 Oratoribus
632 3901 654 3982 ς
672 3901 749 3982 Vll.)
774 3924 805 3982 p.
831 3902 877 3963 15.

162 4052 329 4131 Supersunt
356 4050 507 4112 Ciceronis
534 4052 572 4111 ad
601 4051 637 4111 Μ.
656 4050 809 4126 Coelium,
829 4042 1011 4110 et'rioissim
1028 4052 1122 4112 huius
1143 4055 1182 4113 ed

121 4157 212 4217 illum
231 4141 396 4236 Epistulae:
419 4177 455 4216 ex
476 4156 588 4244 quibas
608 4156 647 4216 de
666 4157 736 4214 stilo
757 4156 853 4234 ipsius
873 4155 1083 4234 aliquomodo
1103 4158 1181 4216 iudi·
1307 4189 1310 4194 ·

121 4281 192 4322 carc
221 4281 390 4342 possumus.
433 4262 468 4321 ln
495 4263 602 4342 primis
629 4281 699 4322 vero
725 4257 898 4320 audiendus
925 4270 970 4320 est
996 4261 1089 4320 iudex
1116 4264 1180 4322 stili

119 4367 248 4431 Romani
274 4370 422 4448 optimus,
450 4362 565 4447 (Cicero
593 4368 631 4430 de
658 4367 749 4428 claris
773 4375 880 4428 orator.
909 4383 973 4446 cap.
996 4364 1059 4446 79.)
1079 4368 1181 4446 quiet
