<?xml version="1.0" encoding="UTF-8"?>
<!DOCTYPE html PUBLIC "-//W3C//DTD XHTML 1.0 Transitional//EN"
    "http://www.w3.org/TR/xhtml1/DTD/xhtml1-transitional.dtd">
<html xmlns="http://www.w3.org/1999/xhtml" xml:lang="en" lang="en">
 <head>
  <title>
</title>
<meta http-equiv="Content-Type" content="text/html;charset=utf-8" />
  <meta name='ocr-system' content='tesseract 3.04.00' />
  <meta name='ocr-capabilities' content='ocr_page ocr_carea ocr_par ocr_line ocrx_word'/>
</head>
<body>
  <div class='ocr_page' id='page_1' title='image "./caeliirufietcic00surigoog_0180.png"; bbox 0 0 2978 5186; ppageno 0'>
   <div class='ocr_carea' id='block_1_1' title="bbox 628 385 740 451">
    <p class='ocr_par' dir='ltr' id='par_1_1' title="bbox 628 385 740 451">
     <span class='ocr_line' id='line_1_1' title="bbox 628 385 740 451; baseline 0.009 -3"><span class='ocrx_word' id='word_1_1' title='bbox 628 385 691 451; x_wconf 76' lang='lat'><strong>1‘73</strong></span> <span class='ocrx_word' id='word_1_2' title='bbox 735 445 740 449; x_wconf 87' lang='lat'><strong>.</strong></span> 
     </span>
    </p>
   </div>
   <div class='ocr_carea' id='block_1_2' title="bbox 119 595 1197 1409">
    <p class='ocr_par' dir='ltr' id='par_1_2' title="bbox 119 595 1196 764">
     <span class='ocr_line' id='line_1_2' title="bbox 119 595 1190 676; baseline 0.002 -21"><span class='ocrx_word' id='word_1_3' title='bbox 119 599 162 656; x_wconf 83' lang='lat' dir='ltr'><strong>&#39;in</strong></span> <span class='ocrx_word' id='word_1_4' title='bbox 183 607 261 656; x_wconf 89' lang='lat' dir='ltr'><strong>orat.</strong></span> <span class='ocrx_word' id='word_1_5' title='bbox 281 617 336 676; x_wconf 90' lang='lat' dir='ltr'><strong>pro</strong></span> <span class='ocrx_word' id='word_1_6' title='bbox 356 597 435 656; x_wconf 83' lang='lat' dir='ltr'><strong>Sext.</strong></span> <span class='ocrx_word' id='word_1_7' title='bbox 457 616 482 655; x_wconf 88' lang='lat' dir='ltr'><strong>o.</strong></span> <span class='ocrx_word' id='word_1_8' title='bbox 506 595 552 656; x_wconf 87' lang='lat'><strong>18.</strong></span> <span class='ocrx_word' id='word_1_9' title='bbox 574 606 619 656; x_wconf 82' lang='lat' dir='ltr'><strong>est</strong></span> <span class='ocrx_word' id='word_1_10' title='bbox 639 599 735 654; x_wconf 83' lang='lat' dir='ltr'><strong>oratio</strong></span> <span class='ocrx_word' id='word_1_11' title='bbox 751 596 880 675; x_wconf 80' lang='lat' dir='ltr'><strong>improbe</strong></span> <span class='ocrx_word' id='word_1_12' title='bbox 902 598 1041 656; x_wconf 79' lang='lat' dir='ltr'><strong>coniectu.</strong></span> <span class='ocrx_word' id='word_1_13' title='bbox 1088 597 1190 658; x_wconf 80' lang='lat' dir='ltr'><strong>Malim</strong></span> 
     </span>
     <span class='ocr_line' id='line_1_3' title="bbox 129 702 1196 764; baseline 0.002 -4"><span class='ocrx_word' id='word_1_14' title='bbox 129 712 237 762; x_wconf 85' lang='lat' dir='ltr'><strong>temen</strong></span> <span class='ocrx_word' id='word_1_15' title='bbox 259 702 349 760; x_wconf 89' lang='lat' dir='ltr'><strong>illud.</strong></span> <span class='ocrx_word' id='word_1_16' title='bbox 876 709 879 713; x_wconf 84' lang='grc'><strong>’</strong></span> <span class='ocrx_word' id='word_1_17' title='bbox 1087 702 1196 764; x_wconf 72' lang='lat' dir='ltr'><strong>Enseu.</strong></span> 
     </span>
    </p>

    <p class='ocr_par' dir='ltr' id='par_1_3' title="bbox 119 805 1197 1304">
     <span class='ocr_line' id='line_1_4' title="bbox 170 805 1196 885; baseline 0.001 -21"><span class='ocrx_word' id='word_1_18' title='bbox 170 806 283 864; x_wconf 82' lang='lat' dir='ltr'><strong>nihil</strong></span> <span class='ocrx_word' id='word_1_19' title='bbox 312 815 503 884; x_wconf 79' lang='lat' dir='ltr'><strong>enspeoto.</strong></span> <span class='ocrx_word' id='word_1_20' title='bbox 558 805 712 879; x_wconf 85' lang='lat' dir='ltr'><strong>Proxime,</strong></span> <span class='ocrx_word' id='word_1_21' title='bbox 752 828 784 867; x_wconf 89' lang='lat' dir='ltr'><strong>se</strong></span> <span class='ocrx_word' id='word_1_22' title='bbox 809 826 869 866; x_wconf 88' lang='lat' dir='ltr'><strong>non</strong></span> <span class='ocrx_word' id='word_1_23' title='bbox 901 815 1073 885; x_wconf 84' lang='lat' dir='ltr'><strong>exspectare</strong></span> <span class='ocrx_word' id='word_1_24' title='bbox 1101 808 1196 883; x_wconf 85' lang='lat' dir='ltr'><strong>nihil,</strong></span> 
     </span>
     <span class='ocr_line' id='line_1_5' title="bbox 124 892 1196 990; baseline 0 -20"><span class='ocrx_word' id='word_1_25' title='bbox 124 911 291 970; x_wconf 80' lang='lat' dir='ltr'><strong>affirmavit</strong></span> <span class='ocrx_word' id='word_1_26' title='bbox 319 892 368 968; x_wconf 82' lang='lat' dir='ltr'><strong>his</strong></span> <span class='ocrx_word' id='word_1_27' title='bbox 395 911 513 968; x_wconf 84' lang='lat' dir='ltr'><strong>verbis:</strong></span> <span class='ocrx_word' id='word_1_28' title='bbox 537 910 673 989; x_wconf 83' lang='lat' dir='ltr'><strong>profesto</strong></span> <span class='ocrx_word' id='word_1_29' title='bbox 703 922 754 971; x_wconf 86' lang='lat' dir='ltr'><strong>ant</strong></span> <span class='ocrx_word' id='word_1_30' title='bbox 776 913 957 990; x_wconf 71' lang='lat' dir='ltr'><strong>transigetur</strong></span> <span class='ocrx_word' id='word_1_31' title='bbox 982 911 1118 990; x_wconf 78' lang='lat' dir='ltr'><strong>aliquid,</strong></span> <span class='ocrx_word' id='word_1_32' title='bbox 1144 923 1196 970; x_wconf 85' lang='lat' dir='ltr'><strong>ont</strong></span> 
     </span>
     <span class='ocr_line' id='line_1_6' title="bbox 119 1013 1194 1094; baseline 0.005 -23"><span class='ocrx_word' id='word_1_33' title='bbox 119 1015 258 1093; x_wconf 74' lang='lat' dir='ltr'><strong>turpiter</strong></span> <span class='ocrx_word' id='word_1_34' title='bbox 269 1013 473 1072; x_wconf 82' lang='lat' dir='ltr'><strong>intercedetnr.</strong></span> <span class='ocrx_word' id='word_1_35' title='bbox 504 1014 585 1089; x_wconf 79' lang='lat' dir='ltr'><strong>Quid</strong></span> <span class='ocrx_word' id='word_1_36' title='bbox 605 1015 724 1092; x_wconf 76' lang='lat' dir='ltr'><strong>igitur?</strong></span> <span class='ocrx_word' id='word_1_37' title='bbox 746 1035 785 1074; x_wconf 88' lang='lat' dir='ltr'><strong>an</strong></span> <span class='ocrx_word' id='word_1_38' title='bbox 804 1035 906 1075; x_wconf 86' lang='lat' dir='ltr'><strong>seeum</strong></span> <span class='ocrx_word' id='word_1_39' title='bbox 924 1027 1039 1094; x_wconf 80' lang='lat' dir='ltr'><strong>pugnat</strong></span> <span class='ocrx_word' id='word_1_40' title='bbox 1053 1016 1194 1077; x_wconf 72' lang='lat' dir='ltr'><strong>Coelius?</strong></span> 
     </span>
     <span class='ocr_line' id='line_1_7' title="bbox 122 1118 1194 1199; baseline 0.005 -23"><span class='ocrx_word' id='word_1_41' title='bbox 122 1118 249 1177; x_wconf 82' lang='lat' dir='ltr'><strong>diversa</strong></span> <span class='ocrx_word' id='word_1_42' title='bbox 263 1121 412 1176; x_wconf 84' lang='lat' dir='ltr'><strong>sententia</strong></span> <span class='ocrx_word' id='word_1_43' title='bbox 428 1128 488 1176; x_wconf 86' lang='lat' dir='ltr'><strong>eet:</strong></span> <span class='ocrx_word' id='word_1_44' title='bbox 505 1138 575 1177; x_wconf 87' lang='lat' dir='ltr'><strong>uam</strong></span> <span class='ocrx_word' id='word_1_45' title='bbox 596 1119 646 1177; x_wconf 90' lang='lat' dir='ltr'><strong>hio</strong></span> <span class='ocrx_word' id='word_1_46' title='bbox 658 1121 700 1178; x_wconf 87' lang='lat' dir='ltr'><strong>ait</strong></span> <span class='ocrx_word' id='word_1_47' title='bbox 710 1119 940 1199; x_wconf 76' lang='lat' dir='ltr'><strong>nihilenrpeoto,</strong></span> <span class='ocrx_word' id='word_1_48' title='bbox 951 1140 1021 1199; x_wconf 85' lang='lat' dir='ltr'><strong>pro:</strong></span> <span class='ocrx_word' id='word_1_49' title='bbox 1041 1121 1194 1181; x_wconf 83' lang='lat' dir='ltr'><strong>Caesarem</strong></span> 
     </span>
     <span class='ocr_line' id='line_1_8' title="bbox 122 1222 1197 1304; baseline 0.003 -22"><span class='ocrx_word' id='word_1_50' title='bbox 122 1225 248 1284; x_wconf 86' lang='lat' dir='ltr'><strong>senatui</strong></span> <span class='ocrx_word' id='word_1_51' title='bbox 267 1223 350 1282; x_wconf 90' lang='lat' dir='ltr'><strong>dioto</strong></span> <span class='ocrx_word' id='word_1_52' title='bbox 366 1222 539 1282; x_wconf 81' lang='lat' dir='ltr'><strong>audientem</strong></span> <span class='ocrx_word' id='word_1_53' title='bbox 560 1223 625 1282; x_wconf 88' lang='lat' dir='ltr'><strong>fere</strong></span> <span class='ocrx_word' id='word_1_54' title='bbox 646 1244 838 1304; x_wconf 84' lang='lat' dir='ltr'><strong>nequaquam</strong></span> <span class='ocrx_word' id='word_1_55' title='bbox 857 1234 939 1303; x_wconf 86' lang='lat' dir='ltr'><strong>puto.</strong></span> <span class='ocrx_word' id='word_1_56' title='bbox 1093 1226 1197 1287; x_wconf 78' lang='lat' dir='ltr'><strong>Ilium.</strong></span> 
     </span>
    </p>

    <p class='ocr_par' dir='ltr' id='par_1_4' title="bbox 167 1327 1196 1409">
     <span class='ocr_line' id='line_1_9' title="bbox 167 1327 1196 1409; baseline 0.004 -23"><span class='ocrx_word' id='word_1_57' title='bbox 167 1331 230 1386; x_wconf 84' lang='lat' dir='ltr'><strong>sio</strong></span> <span class='ocrx_word' id='word_1_58' title='bbox 250 1327 410 1387; x_wconf 53' lang='lat' dir='ltr'><strong>nihil„</strong></span> <span class='ocrx_word' id='word_1_59' title='bbox 430 1330 625 1409; x_wconf 83' lang='lat' dir='ltr'><strong>quomodo.</strong></span> <span class='ocrx_word' id='word_1_60' title='bbox 668 1331 724 1389; x_wconf 89' lang='lat' dir='ltr'><strong>Pro</strong></span> <span class='ocrx_word' id='word_1_61' title='bbox 742 1331 839 1388; x_wconf 69' lang='lat' dir='ltr'><strong>ue·-</strong></span> <span class='ocrx_word' id='word_1_62' title='bbox 856 1340 904 1406; x_wconf 86' lang='lat' dir='ltr'><strong>nt,</strong></span> <span class='ocrx_word' id='word_1_63' title='bbox 925 1340 960 1392; x_wconf 89' lang='lat' dir='ltr'><strong>ut</strong></span> <span class='ocrx_word' id='word_1_64' title='bbox 978 1340 1009 1390; x_wconf 90' lang='lat' dir='ltr'><strong>et</strong></span> <span class='ocrx_word' id='word_1_65' title='bbox 1026 1331 1099 1390; x_wconf 90' lang='lat' dir='ltr'><strong>alibi</strong></span> <span class='ocrx_word' id='word_1_66' title='bbox 1118 1332 1196 1391; x_wconf 84' lang='lat' dir='ltr'><strong>dixit</strong></span> 
     </span>
    </p>
   </div>
   <div class='ocr_carea' id='block_1_3' title="bbox 29 1435 1195 1497">
    <p class='ocr_par' dir='ltr' id='par_1_5' title="bbox 29 1435 1195 1497">
     <span class='ocr_line' id='line_1_10' title="bbox 29 1435 1195 1497; baseline 0.003 -3"><span class='ocrx_word' id='word_1_67' title='bbox 29 1457 32 1466; x_wconf 71' lang='lat'>¹</span> <span class='ocrx_word' id='word_1_68' title='bbox 116 1435 240 1494; x_wconf 77' lang='lat' dir='ltr'><strong>Cicero.</strong></span> <span class='ocrx_word' id='word_1_69' title='bbox 1029 1456 1031 1462; x_wconf 86' lang='grc'><em>·</em></span> <span class='ocrx_word' id='word_1_70' title='bbox 1085 1436 1195 1497; x_wconf 79' lang='lat' dir='ltr'><strong>Earsos.</strong></span> 
     </span>
    </p>
   </div>
   <div class='ocr_carea' id='block_1_4' title="bbox 62 1527 1223 2562">
    <p class='ocr_par' dir='ltr' id='par_1_6' title="bbox 116 1527 1215 2143">
     <span class='ocr_line' id='line_1_11' title="bbox 168 1527 1195 1620; baseline 0.003 -22"><span class='ocrx_word' id='word_1_71' title='bbox 168 1537 249 1620; x_wconf 58' lang='lat' dir='ltr'><strong>§.m</strong></span> <span class='ocrx_word' id='word_1_72' title='bbox 292 1527 556 1617; x_wconf 56' lang='lat' dir='ltr'><strong>ouresqne&#39;nt</strong></span> <span class='ocrx_word' id='word_1_73' title='bbox 583 1541 633 1598; x_wconf 80' lang='lat' dir='ltr'><strong>mi</strong></span> <span class='ocrx_word' id='word_1_74' title='bbox 661 1539 861 1599; x_wconf 78' lang='lat' dir='ltr'><strong>uelantur.</strong></span> <span class='ocrx_word' id='word_1_75' title='bbox 902 1539 1018 1599; x_wconf 87' lang='lat' dir='ltr'><strong>Ernesti</strong></span> <span class='ocrx_word' id='word_1_76' title='bbox 1039 1541 1195 1619; x_wconf 81' lang='lat' dir='ltr'><strong>amplexus</strong></span> 
     </span>
     <span class='ocr_line' id='line_1_12' title="bbox 121 1641 1195 1722; baseline 0 -18"><span class='ocrx_word' id='word_1_77' title='bbox 121 1652 175 1704; x_wconf 84' lang='lat' dir='ltr'><strong>est</strong></span> <span class='ocrx_word' id='word_1_78' title='bbox 204 1643 323 1702; x_wconf 79' lang='lat' dir='ltr'><strong>Graevii</strong></span> <span class='ocrx_word' id='word_1_79' title='bbox 354 1641 577 1716; x_wconf 86' lang='lat' dir='ltr'><strong>donieoturam‚</strong></span> <span class='ocrx_word' id='word_1_80' title='bbox 613 1664 707 1722; x_wconf 87' lang='lat' dir='ltr'><strong>quem</strong></span> <span class='ocrx_word' id='word_1_81' title='bbox 746 1646 777 1702; x_wconf 89' lang='lat' dir='ltr'><strong>in</strong></span> <span class='ocrx_word' id='word_1_82' title='bbox 809 1645 896 1703; x_wconf 89' lang='lat' dir='ltr'><strong>nullo</strong></span> <span class='ocrx_word' id='word_1_83' title='bbox 918 1645 997 1704; x_wconf 83' lang='lat' dir='ltr'><strong>libro</strong></span> <span class='ocrx_word' id='word_1_84' title='bbox 1022 1647 1195 1721; x_wconf 84' lang='lat' dir='ltr'><strong>invenerat,</strong></span> 
     </span>
     <span class='ocr_line' id='line_1_13' title="bbox 121 1734 1215 1829; baseline 0.001 -22"><span class='ocrx_word' id='word_1_85' title='bbox 121 1758 156 1808; x_wconf 87' lang='lat' dir='ltr'><strong>et</strong></span> <span class='ocrx_word' id='word_1_86' title='bbox 180 1747 276 1806; x_wconf 83' lang='lat' dir='ltr'><strong>edidit</strong></span> <span class='ocrx_word' id='word_1_87' title='bbox 294 1747 370 1806; x_wconf 80' lang='lat' dir='ltr'><strong>milri</strong></span> <span class='ocrx_word' id='word_1_88' title='bbox 391 1757 540 1810; x_wconf 72' lang='lat' dir='ltr'><strong>venentur.</strong></span> <span class='ocrx_word' id='word_1_89' title='bbox 572 1734 640 1810; x_wconf 74' lang='lat' dir='ltr'><strong>‘sed</strong></span> <span class='ocrx_word' id='word_1_90' title='bbox 660 1751 715 1810; x_wconf 88' lang='lat' dir='ltr'><strong>illa</strong></span> <span class='ocrx_word' id='word_1_91' title='bbox 734 1750 944 1810; x_wconf 79' lang='lat' dir='ltr'><strong>emendatione</strong></span> <span class='ocrx_word' id='word_1_92' title='bbox 962 1770 1024 1809; x_wconf 88' lang='lat' dir='ltr'><strong>nou</strong></span> <span class='ocrx_word' id='word_1_93' title='bbox 1045 1769 1120 1829; x_wconf 85' lang='lat' dir='ltr'><strong>opus</strong></span> <span class='ocrx_word' id='word_1_94' title='bbox 1130 1760 1194 1826; x_wconf 87' lang='lat' dir='ltr'><strong>est,</strong></span> <span class='ocrx_word' id='word_1_95' title='bbox 1211 1819 1215 1826; x_wconf 22' lang='lat'>²</span> 
     </span>
     <span class='ocr_line' id='line_1_14' title="bbox 120 1852 1194 1932; baseline 0.004 -22"><span class='ocrx_word' id='word_1_96' title='bbox 120 1853 201 1932; x_wconf 85' lang='lat' dir='ltr'><strong>quia</strong></span> <span class='ocrx_word' id='word_1_97' title='bbox 232 1872 294 1911; x_wconf 89' lang='lat' dir='ltr'><strong>non</strong></span> <span class='ocrx_word' id='word_1_98' title='bbox 331 1852 430 1911; x_wconf 89' lang='lat' dir='ltr'><strong>solum</strong></span> <span class='ocrx_word' id='word_1_99' title='bbox 462 1852 535 1911; x_wconf 84' lang='lat' dir='ltr'><strong>libri</strong></span> <span class='ocrx_word' id='word_1_100' title='bbox 575 1855 681 1931; x_wconf 84' lang='lat' dir='ltr'><strong>scripti</strong></span> <span class='ocrx_word' id='word_1_101' title='bbox 714 1874 780 1913; x_wconf 90' lang='lat' dir='ltr'><strong>eam</strong></span> <span class='ocrx_word' id='word_1_102' title='bbox 808 1853 998 1932; x_wconf 86' lang='lat' dir='ltr'><strong>improbant,</strong></span> <span class='ocrx_word' id='word_1_103' title='bbox 1022 1853 1075 1912; x_wconf 89' lang='lat' dir='ltr'><strong>sed</strong></span> <span class='ocrx_word' id='word_1_104' title='bbox 1103 1855 1194 1914; x_wconf 88' lang='lat' dir='ltr'><strong>etiam</strong></span> 
     </span>
     <span class='ocr_line' id='line_1_15' title="bbox 119 1957 1193 2038; baseline 0.002 -22"><span class='ocrx_word' id='word_1_105' title='bbox 119 1959 284 2017; x_wconf 78' lang='lat' dir='ltr'><strong>brevitatis</strong></span> <span class='ocrx_word' id='word_1_106' title='bbox 303 1959 424 2035; x_wconf 84' lang='lat' dir='ltr'><strong>studio,</strong></span> <span class='ocrx_word' id='word_1_107' title='bbox 444 1960 527 2038; x_wconf 89' lang='lat' dir='ltr'><strong>quod</strong></span> <span class='ocrx_word' id='word_1_108' title='bbox 555 1962 588 2018; x_wconf 92' lang='lat' dir='ltr'><strong>iu</strong></span> <span class='ocrx_word' id='word_1_109' title='bbox 612 1960 706 2020; x_wconf 85' lang='lat' dir='ltr'><strong>Coelii</strong></span> <span class='ocrx_word' id='word_1_110' title='bbox 731 1961 866 2019; x_wconf 87' lang='lat' dir='ltr'><strong>diotione</strong></span> <span class='ocrx_word' id='word_1_111' title='bbox 892 1959 1009 2037; x_wconf 87' lang='lat' dir='ltr'><strong>ubique</strong></span> <span class='ocrx_word' id='word_1_112' title='bbox 1028 1957 1193 2037; x_wconf 87' lang='lat' dir='ltr'><strong>deprehen·</strong></span> 
     </span>
     <span class='ocr_line' id='line_1_16' title="bbox 116 2062 1194 2143; baseline 0.001 -21"><span class='ocrx_word' id='word_1_113' title='bbox 116 2062 247 2138; x_wconf 83' lang='lat' dir='ltr'><strong>dimus,</strong></span> <span class='ocrx_word' id='word_1_114' title='bbox 276 2064 401 2140; x_wconf 87' lang='lat' dir='ltr'><strong>minime</strong></span> <span class='ocrx_word' id='word_1_115' title='bbox 428 2075 594 2143; x_wconf 79' lang='lat' dir='ltr'><strong>repugnat,</strong></span> <span class='ocrx_word' id='word_1_116' title='bbox 623 2073 658 2123; x_wconf 91' lang='lat' dir='ltr'><strong>ut</strong></span> <span class='ocrx_word' id='word_1_117' title='bbox 681 2065 720 2124; x_wconf 88' lang='lat' dir='ltr'><strong>ad</strong></span> <span class='ocrx_word' id='word_1_118' title='bbox 739 2065 829 2124; x_wconf 79' lang='lat' dir='ltr'><strong>verba</strong></span> <span class='ocrx_word' id='word_1_119' title='bbox 851 2075 885 2122; x_wconf 85' lang='lat' dir='ltr'><strong>nt</strong></span> <span class='ocrx_word' id='word_1_120' title='bbox 905 2064 948 2122; x_wconf 85' lang='lat' dir='ltr'><strong>mi</strong></span> <span class='ocrx_word' id='word_1_121' title='bbox 965 2062 1126 2139; x_wconf 75' lang='lat' dir='ltr'><strong>uehuntur,</strong></span> <span class='ocrx_word' id='word_1_122' title='bbox 1143 2084 1194 2123; x_wconf 89' lang='lat' dir='ltr'><strong>re-</strong></span> 
     </span>
    </p>

    <p class='ocr_par' dir='ltr' id='par_1_7' title="bbox 62 2167 1223 2562">
     <span class='ocr_line' id='line_1_17' title="bbox 115 2167 1194 2246; baseline 0.004 -22"><span class='ocrx_word' id='word_1_123' title='bbox 115 2178 230 2246; x_wconf 87' lang='lat' dir='ltr'><strong>petas:</strong></span> <span class='ocrx_word' id='word_1_124' title='bbox 246 2167 416 2246; x_wconf 77' lang='lat' dir='ltr'><strong>pantherae.</strong></span> <span class='ocrx_word' id='word_1_125' title='bbox 509 2205 511 2210; x_wconf 81' lang='lat'><em>·</em></span> <span class='ocrx_word' id='word_1_126' title='bbox 1054 2167 1194 2229; x_wconf 80' lang='lat' dir='ltr'><strong>Bineuror.</strong></span> 
     </span>
     <span class='ocr_line' id='line_1_18' title="bbox 62 2253 1192 2350; baseline 0.006 -24"><span class='ocrx_word' id='word_1_127' title='bbox 62 2253 65 2256; x_wconf 40' lang='grc'><em>’</em></span> <span class='ocrx_word' id='word_1_128' title='bbox 164 2302 226 2314; x_wconf 87' lang='lat'>-</span> <span class='ocrx_word' id='word_1_129' title='bbox 246 2302 308 2313; x_wconf 91' lang='lat'><strong>—-</strong></span> <span class='ocrx_word' id='word_1_130' title='bbox 347 2271 463 2329; x_wconf 87' lang='lat' dir='ltr'><strong>Durum</strong></span> <span class='ocrx_word' id='word_1_131' title='bbox 493 2280 555 2342; x_wconf 87' lang='lat' dir='ltr'><strong>est,</strong></span> <span class='ocrx_word' id='word_1_132' title='bbox 577 2272 679 2329; x_wconf 92' lang='lat' dir='ltr'><strong>statim</strong></span> <span class='ocrx_word' id='word_1_133' title='bbox 697 2281 764 2350; x_wconf 90' lang='lat' dir='ltr'><strong>post</strong></span> <span class='ocrx_word' id='word_1_134' title='bbox 782 2271 935 2350; x_wconf 80' lang='lat' dir='ltr'><strong>Cibyratas</strong></span> <span class='ocrx_word' id='word_1_135' title='bbox 957 2275 995 2334; x_wconf 90' lang='lat' dir='ltr'><strong>de</strong></span> <span class='ocrx_word' id='word_1_136' title='bbox 1014 2274 1074 2334; x_wconf 84' lang='lat' dir='ltr'><strong>alio</strong></span> <span class='ocrx_word' id='word_1_137' title='bbox 1094 2274 1192 2333; x_wconf 88' lang='lat' dir='ltr'><strong>subie-</strong></span> 
     </span>
     <span class='ocr_line' id='line_1_19' title="bbox 120 2374 1223 2452; baseline 0.005 -18"><span class='ocrx_word' id='word_1_138' title='bbox 120 2383 192 2445; x_wconf 87' lang='lat' dir='ltr'><strong>oto,</strong></span> <span class='ocrx_word' id='word_1_139' title='bbox 210 2374 386 2452; x_wconf 89' lang='lat' dir='ltr'><strong>pantheris,</strong></span> <span class='ocrx_word' id='word_1_140' title='bbox 405 2376 557 2452; x_wconf 77' lang='lat' dir='ltr'><strong>cogitare,</strong></span> <span class='ocrx_word' id='word_1_141' title='bbox 577 2375 659 2435; x_wconf 89' lang='lat' dir='ltr'><strong>unde</strong></span> <span class='ocrx_word' id='word_1_142' title='bbox 681 2376 825 2436; x_wconf 75' lang='lat' dir='ltr'><strong>Graevius</strong></span> <span class='ocrx_word' id='word_1_143' title='bbox 845 2388 987 2438; x_wconf 80' lang='lat' dir='ltr'><strong>venentur</strong></span> <span class='ocrx_word' id='word_1_144' title='bbox 1005 2379 1103 2440; x_wconf 82' lang='lat' dir='ltr'><strong>finxit.</strong></span> <span class='ocrx_word' id='word_1_145' title='bbox 1133 2378 1223 2440; x_wconf 78' lang='lat' dir='ltr'><strong>sed.</strong></span> 
     </span>
     <span class='ocr_line' id='line_1_20' title="bbox 116 2478 1191 2562; baseline 0.006 -24"><span class='ocrx_word' id='word_1_146' title='bbox 116 2478 236 2548; x_wconf 82' lang='lat' dir='ltr'><strong>coelii,</strong></span> <span class='ocrx_word' id='word_1_147' title='bbox 258 2497 317 2538; x_wconf 87' lang='lat' dir='ltr'><strong>non</strong></span> <span class='ocrx_word' id='word_1_148' title='bbox 340 2479 508 2542; x_wconf 79' lang='lat' dir='ltr'><strong>scribarum</strong></span> <span class='ocrx_word' id='word_1_149' title='bbox 529 2480 639 2540; x_wconf 87' lang='lat' dir='ltr'><strong>vitium</strong></span> <span class='ocrx_word' id='word_1_150' title='bbox 659 2480 790 2543; x_wconf 83' lang='lat' dir='ltr'><strong>videtur.</strong></span> <span class='ocrx_word' id='word_1_151' title='bbox 830 2481 943 2542; x_wconf 89' lang='lat' dir='ltr'><strong>Similis</strong></span> <span class='ocrx_word' id='word_1_152' title='bbox 970 2484 1055 2544; x_wconf 83' lang='lat' dir='ltr'><strong>loeus</strong></span> <span class='ocrx_word' id='word_1_153' title='bbox 1074 2493 1118 2543; x_wconf 87' lang='lat' dir='ltr'><strong>est</strong></span> <span class='ocrx_word' id='word_1_154' title='bbox 1139 2482 1191 2562; x_wconf 88' lang='lat' dir='ltr'><strong>Ep.</strong></span> 
     </span>
    </p>
   </div>
   <div class='ocr_carea' id='block_1_5' title="bbox 114 2581 1191 2664">
    <p class='ocr_par' dir='ltr' id='par_1_8' title="bbox 114 2581 1191 2664">
     <span class='ocr_line' id='line_1_21' title="bbox 114 2581 1191 2664; baseline 0.004 -22"><span class='ocrx_word' id='word_1_155' title='bbox 114 2583 203 2642; x_wconf 62' lang='lat' dir='ltr'><strong>vul.</strong></span> <span class='ocrx_word' id='word_1_156' title='bbox 224 2581 254 2664; x_wconf 55' lang='grc' dir='ltr'><strong>ᾗ.</strong></span> <span class='ocrx_word' id='word_1_157' title='bbox 275 2582 303 2642; x_wconf 88' lang='grc'><strong>8.</strong></span> <span class='ocrx_word' id='word_1_158' title='bbox 324 2581 367 2661; x_wconf 91' lang='lat' dir='ltr'><strong>[h.</strong></span> <span class='ocrx_word' id='word_1_159' title='bbox 385 2583 439 2643; x_wconf 85' lang='lat' dir='ltr'><strong>Ed.</strong></span> <span class='ocrx_word' id='word_1_160' title='bbox 459 2584 539 2643; x_wconf 81' lang='lat' dir='ltr'><strong>VIII.</strong></span> <span class='ocrx_word' id='word_1_161' title='bbox 560 2585 603 2664; x_wconf 91' lang='grc'><strong>3.]</strong></span> <span class='ocrx_word' id='word_1_162' title='bbox 963 2613 965 2618; x_wconf 96' lang='grc'><strong><em>·</em></strong></span> <span class='ocrx_word' id='word_1_163' title='bbox 1066 2588 1191 2648; x_wconf 76' lang='lat' dir='ltr'><strong>Wusne.</strong></span> 
     </span>
    </p>
   </div>
   <div class='ocr_carea' id='block_1_6' title="bbox 557 2833 751 2860">
    <p class='ocr_par' dir='ltr' id='par_1_9' title="bbox 557 2833 751 2860">
     <span class='ocr_line' id='line_1_22' title="bbox 557 2833 751 2860; baseline 0.01 -2"><span class='ocrx_word' id='word_1_164' title='bbox 557 2833 751 2860; x_wconf 66' lang='grc' dir='ltr'><strong>-οοο-</strong></span> 
     </span>
    </p>
   </div>
   <div class='ocr_carea' id='block_1_7' title="bbox 471 3005 834 3076">
    <p class='ocr_par' dir='ltr' id='par_1_10' title="bbox 471 3005 834 3076">
     <span class='ocr_line' id='line_1_23' title="bbox 471 3005 834 3076; baseline -0.003 -1"><span class='ocrx_word' id='word_1_165' title='bbox 471 3005 694 3076; x_wconf 66' lang='lat' dir='ltr'><strong>uelum:</strong></span> <span class='ocrx_word' id='word_1_166' title='bbox 747 3015 834 3074; x_wconf 78' lang='grc' dir='ltr'><strong>Ἠ.</strong></span> 
     </span>
    </p>
   </div>
   <div class='ocr_carea' id='block_1_8' title="bbox 38 3206 1189 4448">
    <p class='ocr_par' dir='ltr' id='par_1_11' title="bbox 38 3206 1189 4021">
     <span class='ocr_line' id='line_1_24' title="bbox 154 3206 1188 3290; baseline 0 -20"><span class='ocrx_word' id='word_1_167' title='bbox 154 3211 283 3283; x_wconf 62' lang='lat' dir='ltr'><strong>lmine,</strong></span> <span class='ocrx_word' id='word_1_168' title='bbox 309 3209 536 3290; x_wconf 83' lang='lat' dir='ltr'><strong>prudenterque</strong></span> <span class='ocrx_word' id='word_1_169' title='bbox 561 3209 672 3288; x_wconf 86' lang='lat' dir='ltr'><strong>scripta</strong></span> <span class='ocrx_word' id='word_1_170' title='bbox 689 3209 729 3268; x_wconf 74' lang='lat' dir='ltr'><strong>&#39;et</strong></span> <span class='ocrx_word' id='word_1_171' title='bbox 752 3209 847 3284; x_wconf 85' lang='lat' dir='ltr'><strong>suite,</strong></span> <span class='ocrx_word' id='word_1_172' title='bbox 871 3206 909 3288; x_wconf 83' lang='lat' dir='ltr'><strong>(ei</strong></span> <span class='ocrx_word' id='word_1_173' title='bbox 928 3210 1017 3289; x_wconf 87' lang='lat' dir='ltr'><strong>plane</strong></span> <span class='ocrx_word' id='word_1_174' title='bbox 1039 3212 1188 3288; x_wconf 79' lang='lat' dir='ltr'><strong>integram</strong></span> 
     </span>
     <span class='ocr_line' id='line_1_25' title="bbox 117 3313 1189 3396; baseline -0.004 -18"><span class='ocrx_word' id='word_1_175' title='bbox 117 3313 330 3396; x_wconf 79' lang='lat' dir='ltr'><strong>haberemus‚)</strong></span> <span class='ocrx_word' id='word_1_176' title='bbox 364 3315 529 3393; x_wconf 86' lang='lat' dir='ltr'><strong>oomposite</strong></span> <span class='ocrx_word' id='word_1_177' title='bbox 559 3313 695 3392; x_wconf 82' lang='lat' dir='ltr'><strong>epistole.</strong></span> <span class='ocrx_word' id='word_1_178' title='bbox 746 3313 911 3373; x_wconf 72' lang='lat' dir='ltr'><strong>Consilium</strong></span> <span class='ocrx_word' id='word_1_179' title='bbox 950 3317 1123 3394; x_wconf 79' lang='lat' dir='ltr'><strong>sorIptoris,</strong></span> <span class='ocrx_word' id='word_1_180' title='bbox 1153 3336 1189 3376; x_wconf 82' lang='lat' dir='ltr'><strong>ex</strong></span> 
     </span>
     <span class='ocr_line' id='line_1_26' title="bbox 116 3417 1187 3504; baseline -0.003 -22"><span class='ocrx_word' id='word_1_181' title='bbox 116 3443 182 3504; x_wconf 90' lang='lat' dir='ltr'><strong>quo</strong></span> <span class='ocrx_word' id='word_1_182' title='bbox 212 3424 313 3481; x_wconf 87' lang='lat' dir='ltr'><strong>omnia</strong></span> <span class='ocrx_word' id='word_1_183' title='bbox 336 3440 426 3500; x_wconf 89' lang='lat' dir='ltr'><strong>opera</strong></span> <span class='ocrx_word' id='word_1_184' title='bbox 450 3419 660 3478; x_wconf 82' lang='lat' dir='ltr'><strong>diiudicentur</strong></span> <span class='ocrx_word' id='word_1_185' title='bbox 685 3419 817 3496; x_wconf 86' lang='lat' dir='ltr'><strong>optime,</strong></span> <span class='ocrx_word' id='word_1_186' title='bbox 842 3439 877 3477; x_wconf 87' lang='lat' dir='ltr'><strong>ex</strong></span> <span class='ocrx_word' id='word_1_187' title='bbox 894 3417 924 3498; x_wconf 78' lang='lat'><strong>§.</strong></span> <span class='ocrx_word' id='word_1_188' title='bbox 943 3418 973 3479; x_wconf 87' lang='grc'><strong>2.</strong></span> <span class='ocrx_word' id='word_1_189' title='bbox 994 3433 1039 3479; x_wconf 87' lang='lat' dir='ltr'><strong>est</strong></span> <span class='ocrx_word' id='word_1_190' title='bbox 1059 3421 1187 3480; x_wconf 83' lang='lat' dir='ltr'><strong>olerum.</strong></span> 
     </span>
     <span class='ocr_line' id='line_1_27' title="bbox 116 3519 1189 3603; baseline -0.003 -15"><span class='ocrx_word' id='word_1_191' title='bbox 116 3528 256 3588; x_wconf 88' lang='lat' dir='ltr'><strong>Soribere</strong></span> <span class='ocrx_word' id='word_1_192' title='bbox 280 3527 401 3587; x_wconf 83' lang='lat' dir='ltr'><strong>volebat</strong></span> <span class='ocrx_word' id='word_1_193' title='bbox 421 3546 471 3597; x_wconf 84' lang='lat' dir='ltr'><strong>ea,</strong></span> <span class='ocrx_word' id='word_1_194' title='bbox 496 3546 533 3584; x_wconf 80' lang='lat' dir='ltr'><strong>ex</strong></span> <span class='ocrx_word' id='word_1_195' title='bbox 559 3524 672 3603; x_wconf 84' lang='lat' dir='ltr'><strong>quihus</strong></span> <span class='ocrx_word' id='word_1_196' title='bbox 703 3523 806 3583; x_wconf 84' lang='lat' dir='ltr'><strong>Cicero</strong></span> <span class='ocrx_word' id='word_1_197' title='bbox 837 3519 987 3584; x_wconf 79' lang='lat' dir='ltr'><strong>maturius</strong></span> <span class='ocrx_word' id='word_1_198' title='bbox 1004 3527 1189 3585; x_wconf 80' lang='lat' dir='ltr'><strong>constituere</strong></span> 
     </span>
     <span class='ocr_line' id='line_1_28' title="bbox 38 3625 1189 3713; baseline -0.002 -21"><span class='ocrx_word' id='word_1_199' title='bbox 38 3637 45 3642; x_wconf 84' lang='lat'>&#39;</span> <span class='ocrx_word' id='word_1_200' title='bbox 113 3644 219 3713; x_wconf 87' lang='lat' dir='ltr'><strong>posset</strong></span> <span class='ocrx_word' id='word_1_201' title='bbox 238 3631 276 3690; x_wconf 90' lang='lat' dir='ltr'><strong>de</strong></span> <span class='ocrx_word' id='word_1_202' title='bbox 298 3632 465 3711; x_wconf 84' lang='lat' dir='ltr'><strong>provincia.</strong></span> <span class='ocrx_word' id='word_1_203' title='bbox 507 3630 543 3688; x_wconf 92' lang='lat' dir='ltr'><strong>In</strong></span> <span class='ocrx_word' id='word_1_204' title='bbox 568 3625 631 3710; x_wconf 84' lang='lat' dir='ltr'><strong>quo</strong></span> <span class='ocrx_word' id='word_1_205' title='bbox 650 3630 731 3689; x_wconf 90' lang='lat' dir='ltr'><strong>illud</strong></span> <span class='ocrx_word' id='word_1_206' title='bbox 748 3631 818 3709; x_wconf 83' lang='lat' dir='ltr'><strong>quis</strong></span> <span class='ocrx_word' id='word_1_207' title='bbox 838 3630 1008 3710; x_wconf 85' lang='lat' dir='ltr'><strong>vituperet,</strong></span> <span class='ocrx_word' id='word_1_208' title='bbox 1026 3631 1110 3710; x_wconf 89' lang='lat' dir='ltr'><strong>quod</strong></span> <span class='ocrx_word' id='word_1_209' title='bbox 1127 3651 1189 3690; x_wconf 91' lang='lat' dir='ltr'><strong>non</strong></span> 
     </span>
     <span class='ocr_line' id='line_1_29' title="bbox 114 3733 1188 3830; baseline -0.004 -32"><span class='ocrx_word' id='word_1_210' title='bbox 114 3739 261 3798; x_wconf 86' lang='lat' dir='ltr'><strong>disertius</strong></span> <span class='ocrx_word' id='word_1_211' title='bbox 288 3735 425 3796; x_wconf 80' lang='lat' dir='ltr'><strong>Ciceroni</strong></span> <span class='ocrx_word' id='word_1_212' title='bbox 453 3735 566 3807; x_wconf 81' lang='lat' dir='ltr'><strong>sunsit,</strong></span> <span class='ocrx_word' id='word_1_213' title='bbox 591 3734 668 3812; x_wconf 89' lang='lat' dir='ltr'><strong>quid</strong></span> <span class='ocrx_word' id='word_1_214' title='bbox 692 3735 721 3792; x_wconf 91' lang='lat' dir='ltr'><strong>ei</strong></span> <span class='ocrx_word' id='word_1_215' title='bbox 750 3733 901 3812; x_wconf 81' lang='lat' dir='ltr'><strong>egendum</strong></span> <span class='ocrx_word' id='word_1_216' title='bbox 927 3744 1036 3830; x_wconf 56' lang='lat' dir='ltr'><strong>resset.x</strong></span> <span class='ocrx_word' id='word_1_217' title='bbox 1055 3734 1136 3794; x_wconf 78' lang='lat' dir='ltr'><strong>leoit</strong></span> <span class='ocrx_word' id='word_1_218' title='bbox 1154 3735 1188 3794; x_wconf 89' lang='lat' dir='ltr'><strong>id</strong></span> 
     </span>
     <span class='ocr_line' id='line_1_30' title="bbox 114 3836 1188 3918; baseline -0.004 -17"><span class='ocrx_word' id='word_1_219' title='bbox 114 3843 210 3916; x_wconf 87' lang='lat' dir='ltr'><strong>alias,</strong></span> <span class='ocrx_word' id='word_1_220' title='bbox 241 3851 275 3899; x_wconf 88' lang='lat' dir='ltr'><strong>ut</strong></span> <span class='ocrx_word' id='word_1_221' title='bbox 295 3861 331 3900; x_wconf 76' lang='lat' dir='ltr'><strong>ex</strong></span> <span class='ocrx_word' id='word_1_222' title='bbox 350 3841 389 3900; x_wconf 92' lang='lat' dir='ltr'><strong>ll.</strong></span> <span class='ocrx_word' id='word_1_223' title='bbox 412 3839 459 3900; x_wconf 80' lang='lat'><strong>13.</strong></span> <span class='ocrx_word' id='word_1_224' title='bbox 483 3838 521 3896; x_wconf 87' lang='lat' dir='ltr'><strong>ad</strong></span> <span class='ocrx_word' id='word_1_225' title='bbox 539 3837 606 3896; x_wconf 77' lang='lat' dir='ltr'><strong>Die.</strong></span> <span class='ocrx_word' id='word_1_226' title='bbox 623 3836 667 3915; x_wconf 93' lang='lat' dir='ltr'><strong>[h.</strong></span> <span class='ocrx_word' id='word_1_227' title='bbox 686 3837 739 3895; x_wconf 85' lang='lat' dir='ltr'><strong>Ed.</strong></span> <span class='ocrx_word' id='word_1_228' title='bbox 759 3837 816 3916; x_wconf 83' lang='lat' dir='ltr'><strong>Ep.</strong></span> <span class='ocrx_word' id='word_1_229' title='bbox 837 3837 923 3918; x_wconf 85' lang='lat' dir='ltr'><strong>XVI]</strong></span> <span class='ocrx_word' id='word_1_230' title='bbox 943 3849 1043 3918; x_wconf 89' lang='lat' dir='ltr'><strong>patet,</strong></span> <span class='ocrx_word' id='word_1_231' title='bbox 1069 3841 1122 3899; x_wconf 89' lang='lat' dir='ltr'><strong>ubi</strong></span> <span class='ocrx_word' id='word_1_232' title='bbox 1143 3839 1188 3898; x_wconf 86' lang='lat' dir='ltr'><strong>Ci-</strong></span> 
     </span>
     <span class='ocr_line' id='line_1_31' title="bbox 112 3941 1187 4021; baseline -0.005 -13"><span class='ocrx_word' id='word_1_233' title='bbox 112 3967 187 4008; x_wconf 83' lang='lat' dir='ltr'><strong>eero</strong></span> <span class='ocrx_word' id='word_1_234' title='bbox 206 3947 244 4006; x_wconf 86' lang='lat' dir='ltr'><strong>ad</strong></span> <span class='ocrx_word' id='word_1_235' title='bbox 264 3945 448 4004; x_wconf 86' lang='lat' dir='ltr'><strong>simillimam</strong></span> <span class='ocrx_word' id='word_1_236' title='bbox 468 3943 643 4021; x_wconf 81' lang='lat' dir='ltr'><strong>ceteroquin</strong></span> <span class='ocrx_word' id='word_1_237' title='bbox 663 3941 820 4020; x_wconf 86' lang='lat' dir='ltr'><strong>epistolam</strong></span> <span class='ocrx_word' id='word_1_238' title='bbox 841 3943 1012 4019; x_wconf 87' lang='lat' dir='ltr'><strong>respondet.</strong></span> <span class='ocrx_word' id='word_1_239' title='bbox 1062 3943 1187 4004; x_wconf 78' lang='lat' dir='ltr'><strong>Wmsm.</strong></span> 
     </span>
    </p>

    <p class='ocr_par' dir='ltr' id='par_1_12' title="bbox 108 4047 1188 4448">
     <span class='ocr_line' id='line_1_32' title="bbox 158 4047 1186 4137; baseline -0.008 -22"><span class='ocrx_word' id='word_1_240' title='bbox 158 4054 188 4137; x_wconf 55' lang='grc' dir='ltr'><strong>ᾗ.</strong></span> <span class='ocrx_word' id='word_1_241' title='bbox 212 4054 239 4115; x_wconf 94' lang='grc'><strong>1.</strong></span> <span class='ocrx_word' id='word_1_242' title='bbox 279 4052 615 4134; x_wconf 78' lang='lat' dir='ltr'><strong>periculosamque</strong></span> <span class='ocrx_word' id='word_1_243' title='bbox 638 4047 979 4129; x_wconf 78' lang='lat' dir='ltr'><strong>etgroeemillum</strong></span> <span class='ocrx_word' id='word_1_244' title='bbox 998 4049 1082 4108; x_wconf 80' lang='lat' dir='ltr'><strong>ds&#39;m.</strong></span> <span class='ocrx_word' id='word_1_245' title='bbox 1119 4048 1186 4120; x_wconf 86' lang='lat' dir='ltr'><strong>Par·¹</strong></span> 
     </span>
     <span class='ocr_line' id='line_1_33' title="bbox 113 4153 1186 4239; baseline -0.007 -19"><span class='ocrx_word' id='word_1_246' title='bbox 113 4160 213 4220; x_wconf 88' lang='lat' dir='ltr'><strong>tioula</strong></span> <span class='ocrx_word' id='word_1_247' title='bbox 250 4181 305 4239; x_wconf 85' lang='lat' dir='ltr'><strong>qne</strong></span> <span class='ocrx_word' id='word_1_248' title='bbox 342 4179 374 4218; x_wconf 85' lang='lat' dir='ltr'><strong>a¹</strong></span> <span class='ocrx_word' id='word_1_249' title='bbox 390 4166 521 4239; x_wconf 88' lang='lat' dir='ltr'><strong>quatuor</strong></span> <span class='ocrx_word' id='word_1_250' title='bbox 553 4154 675 4214; x_wconf 79' lang='lat' dir='ltr'><strong>Breedd.</strong></span> <span class='ocrx_word' id='word_1_251' title='bbox 706 4154 829 4231; x_wconf 79' lang='lat' dir='ltr'><strong>Torgav.</strong></span> <span class='ocrx_word' id='word_1_252' title='bbox 860 4163 889 4212; x_wconf 90' lang='lat' dir='ltr'><strong>et</strong></span> <span class='ocrx_word' id='word_1_253' title='bbox 922 4153 989 4212; x_wconf 79' lang='lat' dir='ltr'><strong>Aeo.</strong></span> <span class='ocrx_word' id='word_1_254' title='bbox 1020 4153 1044 4212; x_wconf 92' lang='lat' dir='ltr'><strong>l.</strong></span> <span class='ocrx_word' id='word_1_255' title='bbox 1074 4155 1186 4213; x_wconf 83' lang='lat' dir='ltr'><strong>exulat.</strong></span> 
     </span>
     <span class='ocr_line' id='line_1_34' title="bbox 111 4262 1188 4346; baseline -0.006 -20"><span class='ocrx_word' id='word_1_256' title='bbox 111 4269 222 4346; x_wconf 84' lang='lat' dir='ltr'><strong>ltaque</strong></span> <span class='ocrx_word' id='word_1_257' title='bbox 233 4309 242 4340; x_wconf 84' lang='lat'>‚</span> <span class='ocrx_word' id='word_1_258' title='bbox 259 4268 285 4324; x_wconf 90' lang='lat' dir='ltr'><strong>si</strong></span> <span class='ocrx_word' id='word_1_259' title='bbox 303 4265 430 4324; x_wconf 86' lang='lat' dir='ltr'><strong>illorum</strong></span> <span class='ocrx_word' id='word_1_260' title='bbox 460 4264 609 4324; x_wconf 87' lang='lat' dir='ltr'><strong>librorum</strong></span> <span class='ocrx_word' id='word_1_261' title='bbox 638 4263 848 4322; x_wconf 84' lang='lat' dir='ltr'><strong>auctoritatem</strong></span> <span class='ocrx_word' id='word_1_262' title='bbox 874 4262 1047 4340; x_wconf 88' lang='lat' dir='ltr'><strong>sequimur,</strong></span> <span class='ocrx_word' id='word_1_263' title='bbox 1068 4263 1100 4320; x_wconf 88' lang='lat' dir='ltr'><strong>iu</strong></span> <span class='ocrx_word' id='word_1_264' title='bbox 1120 4279 1188 4339; x_wconf 71' lang='lat' dir='ltr'><strong>pro·v</strong></span> 
     </span>
     <span class='ocr_line' id='line_1_35' title="bbox 108 4365 1184 4448; baseline -0.007 -18"><span class='ocrx_word' id='word_1_265' title='bbox 108 4374 169 4431; x_wconf 82' lang='lat' dir='ltr'><strong>tasi</strong></span> <span class='ocrx_word' id='word_1_266' title='bbox 194 4372 287 4432; x_wconf 89' lang='lat' dir='ltr'><strong>huius</strong></span> <span class='ocrx_word' id='word_1_267' title='bbox 307 4370 500 4440; x_wconf 84' lang='lat' dir='ltr'><strong>sententiae,</strong></span> <span class='ocrx_word' id='word_1_268' title='bbox 527 4389 607 4448; x_wconf 83' lang='lat' dir='ltr'><strong>quoe</strong></span> <span class='ocrx_word' id='word_1_269' title='bbox 629 4367 764 4438; x_wconf 82' lang='lat' dir='ltr'><strong>dieitur,</strong></span> <span class='ocrx_word' id='word_1_270' title='bbox 793 4365 936 4445; x_wconf 86' lang='lat' dir='ltr'><strong>copulam</strong></span> <span class='ocrx_word' id='word_1_271' title='bbox 958 4365 1076 4426; x_wconf 83' lang='lat' dir='ltr'><strong>Coelius</strong></span> <span class='ocrx_word' id='word_1_272' title='bbox 1096 4383 1184 4444; x_wconf 87' lang='lat' dir='ltr'><strong>saepe</strong></span> 
     </span>
    </p>
   </div>
   <div class='ocr_carea' id='block_1_9' title="bbox 0 0 1494 5186">
    <p class='ocr_par' dir='ltr' id='par_1_13' title="bbox 0 0 1494 5186">
     <span class='ocr_line' id='line_1_36' title="bbox 0 0 1494 5186; baseline 0 0"><span class='ocrx_word' id='word_1_273' title='bbox 0 0 1494 5186; x_wconf 95' lang='lat' dir='ltr'><strong> </strong></span> 
     </span>
    </p>
   </div>
  </div>
 </body>
</html>
