2978 5186
610 384 672 446 159

114 600 148 656 in
182 593 325 654 Cicerone
355 589 558 670 reprehendit.
609 590 674 651 Non
706 609 794 669 sane,
824 599 973 672 quantum
1003 593 1174 671 oportebat,

111 700 220 760 huius
235 696 420 777 praedicavit
448 697 482 754 in
504 693 634 754 dicendo
660 694 765 754 laudes
780 694 897 774 ,cicero
926 699 958 756 in
985 697 1077 758 Bruto
1097 698 1174 780 (cap.

113 801 199 886 79.);
228 803 354 862 fortasse
384 800 454 860 odio
485 819 588 858 carum
612 801 643 857 in
675 819 709 860 rc
738 799 862 879 publica
888 804 1020 880 partium
1044 802 1082 861 ad
1103 824 1178 883 quas

114 909 237 970 Coelius
260 927 293 966 se
320 900 542 965 inconsiderato
569 907 705 983 impetu,
733 905 857 978 relictis,
877 908 1030 968 veteribus
1057 911 1179 985 amicis,

64 1090 66 1096 Ι
113 1015 296 1076 contulerat.
337 1011 372 1070 Et
388 1009 534 1069 iuvidiam
555 1010 635 1068 iuter
651 1010 705 1068 hos
722 1010 803 1070 viros
817 1011 967 1088 riguisse,
982 1023 1065 1074 recte
1083 1015 1181 1074 obser·

114 1129 211 1180 vatur
222 1117 376 1189 inccdem
392 1116 516 1194 Dinlcgo
532 1115 710 1175 Corneliano
725 1114 802 1197 (cap.
817 1114 888 1197 25.).

115 1261 206 1320 llus.
227 1257 367 1328 Murrani,
388 1255 428 1316 od
448 1253 580 1315 Ciceros.
601 1251 690 1312 Brut.
710 1253 923 1338 (antistitae.)
944 1276 970 1317 c.
992 1255 1041 1319 79.
1061 1256 1091 1339 ᾗ.
1112 1215 1184 1320 273.

159 1403 197 1464 tl.
226 1389 342 1462 Caelius
372 1397 469 1460 Rufus
489 1407 578 1458 natus
600 1419 625 1458 a.
647 1397 715 1459 672.
734 1399 771 1460 ll.
788 1398 926 1458 Crassum
943 1410 972 1458 et
989 1399 1185 1478 Ciceronem,

119 1509 161 1570 ad
187 1524 263 1590 quos
291 1525 307 1564 a
334 1513 418 1585 patre
449 1503 599 1564 deductus
629 1512 710 1578 erat,
741 1505 772 1562 in
797 1513 861 1566 arto
887 1504 1009 1564 dicendi
1027 1509 1185 1584 magistros

118 1613 240 1674 hahuit.
253 1642 295 1656 --
326 1611 418 1669 Homo
442 1609 502 1667 tuit
532 1610 666 1668 moribus
689 1607 821 1668 lascivus
838 1617 868 1668 et
886 1609 1077 1685 inconstans,
1096 1613 1185 1670 cuius

118 1718 316 1782 acerbitatem
338 1724 366 1774 st
385 1714 532 1774 fervorem
554 1715 726 1795 eloquentia
745 1714 942 1774 confirmabat
963 1733 980 1773 a
997 1715 1185 1789 Quintiliano

117 1843 184 1886 non
207 1819 383 1884 tinelande
409 1829 581 1880 memorata.
622 1819 759 1898 Reliquit
774 1820 924 1878 orationes
938 1819 1117 1892 nonnullas,
1144 1819 1183 1880 ab

121 1929 285 1988 Weaterm.
312 1945 343 2004 p.
368 1923 438 1986 209.
466 1924 599 1984 breviter
632 1923 832 2000 significatas,
861 1941 990 2003 quarum
1016 1921 1188 2005 fragmenta

120 2033 281 2112 poscimus
297 2031 329 2087 iu
340 2029 433 2088 Oratt.
452 2029 566 2106 Fragm.
586 2049 615 2106 p.
640 2026 707 2088 194.
728 2047 793 2109 sqq.
811 2025 854 2107 [p.
872 2024 1034 2087 458-470
1049 2027 1186 2109 hd.Sec.]

121 2137 246 2196 Litteris
269 2135 422 2193 eruditum
447 2133 541 2192 fuisse
558 2152 618 2191 non
638 2131 736 2191 solum
754 2132 786 2190 id
804 2131 957 2204 declarat,
978 2133 1060 2214 quod
1077 2133 1116 2193 tle
1134 2115 1188 2193 Gc·

122 2243 252 2303 ometria
269 2239 382 2300 librum
401 2240 429 2298 ei
445 2237 537 2298 Varro
555 2238 724 2316 inscripsit,
735 2233 779 2319 (1)
795 2235 849 2295 sed
864 2238 976 2296 certius
993 2239 1084 2298 ctiam
1103 2257 1188 2298 ccm-

123 2347 276 2406 mercium
292 2343 486 2424 epistolarum
503 2343 541 2402 ad
561 2341 735 2403 Ciceronem
746 2343 919 2414 missarum,
937 2359 1015 2422 quae
1024 2355 1189 2423 supersunt

84 2507 86 2515 ,
123 2455 160 2512 an
188 2453 281 2512 nurus
306 2449 379 2528 app.
404 2450 482 2508 uam
506 2449 586 2508 vus.
614 2449 668 2508 uu
698 2448 848 2508 nanuum
866 2431 1083 2526 praesinenam
1103 2449 1189 2510 aena

127 2561 231 2638 aptam
250 2556 289 2616 ad
310 2554 401 2615 Caelii
419 2561 466 2612 res
486 2553 718 2630 cognoscendas.
807 2632 808 2640 ἵ

205 2697 276 2756 Gon.
295 2696 472 2768 Bsarnarnr,
493 2675 600 2772 lleyeri
622 2693 841 2752 annotationem
856 2693 905 2750 itc
926 2695 1121 2754 continuans.-

168 2837 324 2896 Praetcrea
343 2836 493 2915 tangenda
520 2836 643 2897 videtur
662 2855 767 2896 sorum
785 2838 951 2913 sententia,
981 2841 1034 2918 qui
1054 2819 1189 2902 (laelium

125 2944 161 3002 in
186 2940 373 3001 orationibus
396 2943 522 3020 antiquo
546 2941 594 2999 vel
619 2939 752 2999 obsoleto
771 2959 910 3000 sermone
929 2961 1020 3016 usum
1039 2962 1102 3002 esse
1122 2962 1191 3003 con·

125 3047 266 3128 tendant
307 3047 428 3106 Scilicet
459 3046 534 3106 llinl.
561 3045 600 3105 de
627 3046 719 3105 Oratt.
746 3043 796 3104 21.
822 3056 982 3124 postquam
1002 3046 1049 3106 illi
1069 3047 1192 3108 laudem

126 3151 242 3212 tribuit
269 3151 461 3228 ambiguam,
492 3152 536 3210 sic
561 3151 679 3230 pergit:
710 3148 817 3210 Sordes
837 3129 934 3209 cutem
953 3151 1024 3210 illae
1040 3153 1193 3212 corborum

128 3267 160 3316 ct
179 3239 268 3316 tricos
289 3257 461 3338 compositio
484 3265 512 3314 et
532 3254 682 3314 inconditi
699 3275 802 3316 sensus
822 3255 951 3315 redolent
966 3258 1192 3336 antiquitatem,

128 3381 186 3422 nco
213 3381 388 3440 quenquam
417 3359 498 3424 odeo,
521 3362 727 3440 antiquarium
750 3367 843 3440 pato,
874 3371 907 3420 stt
935 3358 1068 3420 Coelium
1093 3381 1133 3420 ec
1158 3383 1194 3420 cc

121 3465 356 3548 postolando,
384 3485 443 3544 pac
467 3467 610 3544 antiquus
632 3474 683 3523 est.
725 3464 800 3524 Sanc
830 3465 891 3524 duo
922 3468 970 3527 vel
984 3469 1042 3526 tria
1061 3467 1217 3528 frustula

129 3574 272 3652 magistri
308 3572 501 3650 protulerunt
528 3589 547 3630 a
576 3571 733 3630 communi
760 3588 843 3630 more
868 3570 1005 3648 dirersa3
1034 3571 1086 3632 sed
1114 3573 1194 3632 hanc

130 3678 367 3757 argumentandi
395 3678 476 3736 viam
503 3681 528 3736 si
555 3678 696 3755 persequi
720 3675 810 3750 libet,
838 3659 936 3754 ipsum
953 3676 1087 3736 Tullium
1104 3677 1195 3746 facile

166 3881 207 3950 (1)
227 3881 264 3932 lte
285 3883 441 3935 Varroniano
456 3883 538 3946 libro,
558 3885 605 3952 qui
623 3883 711 3934 Caelio
729 3885 806 3934 luerit
822 3885 975 3954 inscriptus,
995 3901 1036 3935 res
1053 3885 1135 3952 magis
1154 3887 1198 3937 ri·
1245 3933 1247 3940 .

126 3974 207 4024 detur
229 3973 309 4024 dubia
332 3993 411 4042 quam
427 3977 515 4026 statuit
534 3974 649 4042 Mepcrus
674 3983 700 4024 et
725 3973 887 4038 lllleudtius,
906 3991 986 4042 quem
1002 3974 1061 4024 ride
1080 3993 1155 4044 supra
1170 3994 1198 4044 p.

126 4064 189 4114 131.
225 4063 300 4132 Quod
323 4076 452 4134 superest,
476 4067 518 4117 rix
543 4083 626 4116 unum
652 4064 791 4116 alterumve
808 4065 998 4132 fragmentum,
1017 4065 1086 4133 apud
1101 4065 1199 4116 lulium
1222 4125 1224 4138 θ
1324 4085 1326 4092 ·

127 4154 285 4206 frontinum
302 4154 332 4204 da
349 4171 475 4220 agrorum
491 4155 620 4224 qualitate
636 4172 662 4222 p.
678 4153 720 4204 45.
738 4153 805 4204 nihil
821 4156 927 4206 omnino
943 4154 1017 4205 docet
1034 4154 1066 4204 de
1083 4168 1200 4224 προςφω-

127 4245 217 4308 νήσει.
251 4243 283 4292 Et
305 4245 350 4310 qui
372 4243 493 4295 Varronis
515 4244 641 4294 librorum
665 4243 856 4313 deperditorum
874 4245 1016 4312 frngrneuta
1032 4244 1151 4311 collegit,
1171 4263 1199 4296 sn

129 4333 197 4384 edit.
222 4331 301 4384 lisnr.
325 4331 450 4401 Stephani
471 4353 494 4384 a.
519 4333 591 4385 1591.
614 4353 641 4402 p.
664 4333 706 4385 to.
727 4351 773 4406 pro
791 4333 827 4384 ad
841 4335 880 4386 M.
902 4335 1016 4386 Coelium
1032 4333 1154 4398 Rufum,
1174 4334 1202 4398 iu

127 4423 250 4490 margine
267 4423 367 4491 scripsit
384 4423 419 4474 cd
434 4424 539 4488 Rstfom
560 4423 679 4476 Silvium.
886 4403 888 4414 ,
