<?xml version="1.0" encoding="UTF-8"?>
<!DOCTYPE html PUBLIC "-//W3C//DTD XHTML 1.0 Transitional//EN"
    "http://www.w3.org/TR/xhtml1/DTD/xhtml1-transitional.dtd">
<html xmlns="http://www.w3.org/1999/xhtml" xml:lang="en" lang="en">
 <head>
  <title>
</title>
<meta http-equiv="Content-Type" content="text/html;charset=utf-8" />
  <meta name='ocr-system' content='tesseract 3.04.00' />
  <meta name='ocr-capabilities' content='ocr_page ocr_carea ocr_par ocr_line ocrx_word'/>
</head>
<body>
  <div class='ocr_page' id='page_1' title='image "./caeliirufietcic00surigoog_0100.png"; bbox 0 0 3034 5166; ppageno 0'>
   <div class='ocr_carea' id='block_1_1' title="bbox 626 377 668 436">
    <p class='ocr_par' dir='ltr' id='par_1_1' title="bbox 626 377 668 436">
     <span class='ocr_line' id='line_1_1' title="bbox 626 377 668 436; baseline 0.024 -1"><span class='ocrx_word' id='word_1_1' title='bbox 626 377 668 436; x_wconf 78' lang='lat'>93</span> 
     </span>
    </p>
   </div>
   <div class='ocr_carea' id='block_1_2' title="bbox 96 579 1191 830">
    <p class='ocr_par' dir='ltr' id='par_1_2' title="bbox 96 579 1191 830">
     <span class='ocr_line' id='line_1_2' title="bbox 96 579 1183 649; baseline 0 -15"><span class='ocrx_word' id='word_1_2' title='bbox 96 610 132 625; x_wconf 75' lang='grc' dir='ltr'>-ι</span> <span class='ocrx_word' id='word_1_3' title='bbox 155 593 183 634; x_wconf 92' lang='lat' dir='ltr'>ut</span> <span class='ocrx_word' id='word_1_4' title='bbox 210 599 264 634; x_wconf 87' lang='lat' dir='ltr'>uou</span> <span class='ocrx_word' id='word_1_5' title='bbox 294 581 371 632; x_wconf 86' lang='lat' dir='ltr'>modo</span> <span class='ocrx_word' id='word_1_6' title='bbox 399 579 482 649; x_wconf 85' lang='lat' dir='ltr'>mihi]</span> <span class='ocrx_word' id='word_1_7' title='bbox 516 609 533 621; x_wconf 93' lang='lat'>-</span> <span class='ocrx_word' id='word_1_8' title='bbox 562 585 588 631; x_wconf 79' lang='lat' dir='ltr'>et</span> <span class='ocrx_word' id='word_1_9' title='bbox 622 582 685 630; x_wconf 83' lang='lat' dir='ltr'>milri</span> <span class='ocrx_word' id='word_1_10' title='bbox 716 598 769 633; x_wconf 83' lang='grc' dir='ltr'><strong><em>ιιιιι</em></strong></span> <span class='ocrx_word' id='word_1_11' title='bbox 798 582 874 633; x_wconf 60' lang='lat' dir='ltr'>mdo</span> <span class='ocrx_word' id='word_1_12' title='bbox 895 607 928 620; x_wconf 84' lang='lat'>·-</span> <span class='ocrx_word' id='word_1_13' title='bbox 951 580 978 646; x_wconf 80' lang='lat'>§.</span> <span class='ocrx_word' id='word_1_14' title='bbox 1010 583 1034 632; x_wconf 92' lang='grc'>2.</span> <span class='ocrx_word' id='word_1_15' title='bbox 1069 585 1090 634; x_wconf 86' lang='lat' dir='ltr'>ri</span> <span class='ocrx_word' id='word_1_16' title='bbox 1128 583 1183 647; x_wconf 77' lang='lat' dir='ltr'>fio,</span> 
     </span>
     <span class='ocr_line' id='line_1_3' title="bbox 98 669 1191 741; baseline 0.001 -19"><span class='ocrx_word' id='word_1_17' title='bbox 98 672 220 740; x_wconf 80' lang='lat' dir='ltr'>iomiteu]</span> <span class='ocrx_word' id='word_1_18' title='bbox 252 698 268 712; x_wconf 83' lang='lat'><em>-</em></span> <span class='ocrx_word' id='word_1_19' title='bbox 293 673 316 722; x_wconf 80' lang='lat' dir='ltr'>si</span> <span class='ocrx_word' id='word_1_20' title='bbox 341 673 383 738; x_wconf 77' lang='lat' dir='ltr'>fio</span> <span class='ocrx_word' id='word_1_21' title='bbox 414 673 437 721; x_wconf 83' lang='lat' dir='ltr'>si</span> <span class='ocrx_word' id='word_1_22' title='bbox 463 671 585 736; x_wconf 76' lang='lat' dir='ltr'>forsitan</span> <span class='ocrx_word' id='word_1_23' title='bbox 606 697 640 712; x_wconf 72' lang='grc' dir='ltr'>-ι</span> <span class='ocrx_word' id='word_1_24' title='bbox 666 681 723 735; x_wconf 86' lang='lat' dir='ltr'>est,</span> <span class='ocrx_word' id='word_1_25' title='bbox 749 672 820 741; x_wconf 85' lang='lat' dir='ltr'>quod</span> <span class='ocrx_word' id='word_1_26' title='bbox 841 675 864 722; x_wconf 81' lang='lat' dir='ltr'>si</span> <span class='ocrx_word' id='word_1_27' title='bbox 885 669 1020 739; x_wconf 77' lang='lat' dir='ltr'>acciderit]</span> <span class='ocrx_word' id='word_1_28' title='bbox 1047 699 1064 712; x_wconf 89' lang='lat'><em>-</em></span> <span class='ocrx_word' id='word_1_29' title='bbox 1084 675 1123 722; x_wconf 78' lang='lat' dir='ltr'>est</span> <span class='ocrx_word' id='word_1_30' title='bbox 1145 671 1191 723; x_wconf 72' lang='lat' dir='ltr'>ssd</span> 
     </span>
     <span class='ocr_line' id='line_1_4' title="bbox 98 759 1188 830; baseline 0 -18"><span class='ocrx_word' id='word_1_31' title='bbox 98 763 123 812; x_wconf 84' lang='lat' dir='ltr'>si</span> <span class='ocrx_word' id='word_1_32' title='bbox 146 777 173 812; x_wconf 88' lang='lat' dir='ltr'>a.</span> <span class='ocrx_word' id='word_1_33' title='bbox 193 789 227 801; x_wconf 91' lang='lat'><em>-</em></span> <span class='ocrx_word' id='word_1_34' title='bbox 250 777 303 812; x_wconf 88' lang='lat' dir='ltr'>nou</span> <span class='ocrx_word' id='word_1_35' title='bbox 325 759 434 830; x_wconf 84' lang='lat' dir='ltr'>poterit]</span> <span class='ocrx_word' id='word_1_36' title='bbox 463 787 481 800; x_wconf 89' lang='lat'>-</span> <span class='ocrx_word' id='word_1_37' title='bbox 505 777 558 811; x_wconf 82' lang='grc' dir='ltr'><strong><em>ιιιιι</em></strong></span> <span class='ocrx_word' id='word_1_38' title='bbox 580 761 666 827; x_wconf 83' lang='lat' dir='ltr'>possit</span> <span class='ocrx_word' id='word_1_39' title='bbox 688 789 723 800; x_wconf 87' lang='lat'>-</span> <span class='ocrx_word' id='word_1_40' title='bbox 745 759 801 830; x_wconf 85' lang='lat' dir='ltr'>sed¹</span> <span class='ocrx_word' id='word_1_41' title='bbox 814 762 879 811; x_wconf 81' lang='lat' dir='ltr'>tenti</span> <span class='ocrx_word' id='word_1_42' title='bbox 896 777 940 810; x_wconf 88' lang='lat' dir='ltr'>me</span> <span class='ocrx_word' id='word_1_43' title='bbox 960 760 1064 811; x_wconf 80' lang='lat' dir='ltr'>hercule</span> <span class='ocrx_word' id='word_1_44' title='bbox 1082 761 1149 828; x_wconf 86' lang='lat' dir='ltr'>nou]</span> <span class='ocrx_word' id='word_1_45' title='bbox 1171 789 1188 801; x_wconf 92' lang='lat'>··</span> 
     </span>
    </p>
   </div>
   <div class='ocr_carea' id='block_1_3' title="bbox 94 847 1192 1007">
    <p class='ocr_par' dir='ltr' id='par_1_3' title="bbox 94 847 1192 1007">
     <span class='ocr_line' id='line_1_5' title="bbox 98 847 1192 920; baseline 0 -18"><span class='ocrx_word' id='word_1_46' title='bbox 98 855 143 906; x_wconf 85' lang='lat' dir='ltr'>sed</span> <span class='ocrx_word' id='word_1_47' title='bbox 173 853 246 902; x_wconf 77' lang='lat' dir='ltr'>tanti</span> <span class='ocrx_word' id='word_1_48' title='bbox 274 851 319 902; x_wconf 81' lang='lat' dir='ltr'>sed</span> <span class='ocrx_word' id='word_1_49' title='bbox 349 865 389 900; x_wconf 86' lang='lat' dir='ltr'>me</span> <span class='ocrx_word' id='word_1_50' title='bbox 412 847 525 899; x_wconf 75' lang='lat' dir='ltr'>hercules</span> <span class='ocrx_word' id='word_1_51' title='bbox 548 876 583 891; x_wconf 88' lang='lat'>·-</span> <span class='ocrx_word' id='word_1_52' title='bbox 603 848 630 915; x_wconf 65' lang='lat'>5.</span> <span class='ocrx_word' id='word_1_53' title='bbox 655 850 681 900; x_wconf 75' lang='lat' dir='ltr'>l.</span> <span class='ocrx_word' id='word_1_54' title='bbox 704 849 775 917; x_wconf 89' lang='lat' dir='ltr'>quod</span> <span class='ocrx_word' id='word_1_55' title='bbox 795 849 827 900; x_wconf 77' lang='grc' dir='ltr'><strong><em>ιι]</em></strong></span> <span class='ocrx_word' id='word_1_56' title='bbox 851 866 898 901; x_wconf 85' lang='lat' dir='ltr'>nos</span> <span class='ocrx_word' id='word_1_57' title='bbox 921 852 1062 920; x_wconf 67' lang='lat' dir='ltr'>pertinent]</span> <span class='ocrx_word' id='word_1_58' title='bbox 1081 881 1098 893; x_wconf 95' lang='lat'>-</span> <span class='ocrx_word' id='word_1_59' title='bbox 1121 853 1192 920; x_wconf 75' lang='lat' dir='ltr'>quod</span> 
     </span>
     <span class='ocr_line' id='line_1_6' title="bbox 94 947 240 1007; baseline -0.027 -14"><span class='ocrx_word' id='word_1_60' title='bbox 94 947 121 993; x_wconf 78' lang='lat' dir='ltr'>et</span> <span class='ocrx_word' id='word_1_61' title='bbox 142 957 190 992; x_wconf 85' lang='lat' dir='ltr'>uos</span> <span class='ocrx_word' id='word_1_62' title='bbox 209 958 240 1007; x_wconf 77' lang='lat' dir='ltr'>p.</span> 
     </span>
    </p>
   </div>
   <div class='ocr_carea' id='block_1_4' title="bbox 101 1113 1192 1280">
    <p class='ocr_par' dir='ltr' id='par_1_4' title="bbox 101 1113 1192 1280">
     <span class='ocr_line' id='line_1_7' title="bbox 134 1113 1192 1188; baseline 0.004 -18"><span class='ocrx_word' id='word_1_63' title='bbox 134 1115 302 1188; x_wconf 73' lang='lat' dir='ltr'>Epistols</span> <span class='ocrx_word' id='word_1_64' title='bbox 335 1115 382 1166; x_wconf 78' lang='lat' dir='ltr'>tv,</span> <span class='ocrx_word' id='word_1_65' title='bbox 413 1115 442 1167; x_wconf 88' lang='lat' dir='ltr'>S.</span> <span class='ocrx_word' id='word_1_66' title='bbox 475 1115 507 1166; x_wconf 84' lang='lat' dir='ltr'>ll.</span> <span class='ocrx_word' id='word_1_67' title='bbox 537 1115 571 1165; x_wconf 84' lang='lat' dir='ltr'>ll.</span> <span class='ocrx_word' id='word_1_68' title='bbox 601 1113 713 1183; x_wconf 67' lang='lat' dir='ltr'>Curuo]</span> <span class='ocrx_word' id='word_1_69' title='bbox 738 1145 755 1157; x_wconf 89' lang='lat'>-</span> <span class='ocrx_word' id='word_1_70' title='bbox 777 1119 888 1170; x_wconf 81' lang='lat' dir='ltr'>sulutem</span> <span class='ocrx_word' id='word_1_71' title='bbox 914 1120 978 1170; x_wconf 82' lang='lat' dir='ltr'>dicit</span> <span class='ocrx_word' id='word_1_72' title='bbox 1000 1137 1088 1173; x_wconf 72' lang='grc' dir='ltr'><strong><em>ιιι...</em></strong></span> <span class='ocrx_word' id='word_1_73' title='bbox 1110 1123 1192 1176; x_wconf 80' lang='lat' dir='ltr'>celio:</span> 
     </span>
     <span class='ocr_line' id='line_1_8' title="bbox 101 1203 1189 1280; baseline 0.002 -22"><span class='ocrx_word' id='word_1_74' title='bbox 101 1209 137 1260; x_wconf 86' lang='lat' dir='ltr'>ric</span> <span class='ocrx_word' id='word_1_75' title='bbox 158 1223 220 1258; x_wconf 90' lang='lat' dir='ltr'>oum</span> <span class='ocrx_word' id='word_1_76' title='bbox 245 1221 341 1256; x_wconf 83' lang='lat' dir='ltr'>resure.</span> <span class='ocrx_word' id='word_1_77' title='bbox 365 1232 400 1249; x_wconf 60' lang='lat' dir='ltr'>v·-</span> <span class='ocrx_word' id='word_1_78' title='bbox 423 1203 450 1270; x_wconf 80' lang='lat'>§.</span> <span class='ocrx_word' id='word_1_79' title='bbox 473 1206 499 1255; x_wconf 89' lang='lat'>1.</span> <span class='ocrx_word' id='word_1_80' title='bbox 525 1204 690 1273; x_wconf 73' lang='lat' dir='ltr'>mehercule]</span> <span class='ocrx_word' id='word_1_81' title='bbox 710 1233 728 1246; x_wconf 89' lang='lat'>-</span> <span class='ocrx_word' id='word_1_82' title='bbox 745 1210 855 1260; x_wconf 85' lang='lat' dir='ltr'>mercule</span> <span class='ocrx_word' id='word_1_83' title='bbox 868 1239 903 1250; x_wconf 86' lang='lat'><em>-</em></span> <span class='ocrx_word' id='word_1_84' title='bbox 916 1209 1134 1280; x_wconf 74' lang='grc' dir='ltr'>πολιτικώτερον]</span> <span class='ocrx_word' id='word_1_85' title='bbox 1154 1237 1189 1254; x_wconf 80' lang='lat'>-</span> 
     </span>
    </p>
   </div>
   <div class='ocr_carea' id='block_1_5' title="bbox 101 1292 1188 1545">
    <p class='ocr_par' dir='ltr' id='par_1_5' title="bbox 101 1292 1188 1545">
     <span class='ocr_line' id='line_1_9' title="bbox 104 1292 1188 1375; baseline 0.004 -29"><span class='ocrx_word' id='word_1_86' title='bbox 104 1295 325 1375; x_wconf 54' lang='grc' dir='ltr'><strong><em>πολιτικώτερον</em></strong></span> <span class='ocrx_word' id='word_1_87' title='bbox 349 1292 477 1346; x_wconf 80' lang='lat' dir='ltr'>deletor.</span> <span class='ocrx_word' id='word_1_88' title='bbox 499 1325 534 1336; x_wconf 86' lang='lat'><strong>—</strong></span> <span class='ocrx_word' id='word_1_89' title='bbox 557 1294 584 1360; x_wconf 56' lang='grc' dir='ltr'><strong><em>ᾗ.</em></strong></span> <span class='ocrx_word' id='word_1_90' title='bbox 605 1296 631 1346; x_wconf 89' lang='grc'>2.</span> <span class='ocrx_word' id='word_1_91' title='bbox 652 1296 734 1347; x_wconf 86' lang='lat' dir='ltr'>iidem</span> <span class='ocrx_word' id='word_1_92' title='bbox 755 1297 810 1364; x_wconf 89' lang='lat' dir='ltr'>illi]</span> <span class='ocrx_word' id='word_1_93' title='bbox 839 1325 857 1339; x_wconf 93' lang='lat'><em>-</em></span> <span class='ocrx_word' id='word_1_94' title='bbox 879 1299 944 1350; x_wconf 80' lang='lat' dir='ltr'>idem</span> <span class='ocrx_word' id='word_1_95' title='bbox 964 1301 983 1348; x_wconf 91' lang='grc' dir='ltr'>ι’.</span> <span class='ocrx_word' id='word_1_96' title='bbox 1002 1328 1038 1340; x_wconf 92' lang='grc'>-</span> <span class='ocrx_word' id='word_1_97' title='bbox 1060 1299 1087 1363; x_wconf 79' lang='lat'>§.</span> <span class='ocrx_word' id='word_1_98' title='bbox 1108 1301 1134 1351; x_wconf 83' lang='lat'>8.</span> <span class='ocrx_word' id='word_1_99' title='bbox 1156 1298 1188 1350; x_wconf 85' lang='lat' dir='ltr'>sd</span> 
     </span>
     <span class='ocr_line' id='line_1_10' title="bbox 101 1384 1186 1459; baseline -0.007 -22"><span class='ocrx_word' id='word_1_100' title='bbox 101 1396 125 1437; x_wconf 93' lang='lat' dir='ltr'>te</span> <span class='ocrx_word' id='word_1_101' title='bbox 151 1384 300 1452; x_wconf 85' lang='lat' dir='ltr'>literemm]</span> <span class='ocrx_word' id='word_1_102' title='bbox 329 1412 346 1423; x_wconf 96' lang='lat'>-</span> <span class='ocrx_word' id='word_1_103' title='bbox 370 1385 407 1435; x_wconf 83' lang='lat' dir='ltr'>ad</span> <span class='ocrx_word' id='word_1_104' title='bbox 428 1389 453 1436; x_wconf 87' lang='lat' dir='ltr'>te</span> <span class='ocrx_word' id='word_1_105' title='bbox 477 1385 596 1436; x_wconf 81' lang='lat' dir='ltr'>litterum</span> <span class='ocrx_word' id='word_1_106' title='bbox 616 1402 741 1454; x_wconf 81' lang='lat' dir='ltr'>superscr.</span> <span class='ocrx_word' id='word_1_107' title='bbox 774 1403 861 1438; x_wconf 83' lang='lat' dir='ltr'>arum.</span> <span class='ocrx_word' id='word_1_108' title='bbox 885 1417 920 1428; x_wconf 86' lang='lat'><em>-</em></span> <span class='ocrx_word' id='word_1_109' title='bbox 944 1387 971 1451; x_wconf 63' lang='lat'>5.</span> <span class='ocrx_word' id='word_1_110' title='bbox 996 1389 1023 1439; x_wconf 82' lang='grc'><strong><em>1.</em></strong></span> <span class='ocrx_word' id='word_1_111' title='bbox 1049 1389 1142 1459; x_wconf 79' lang='lat' dir='ltr'>cupio]</span> <span class='ocrx_word' id='word_1_112' title='bbox 1167 1417 1186 1429; x_wconf 94' lang='lat'>.</span> 
     </span>
     <span class='ocr_line' id='line_1_11' title="bbox 101 1478 976 1545; baseline -0.013 -18"><span class='ocrx_word' id='word_1_113' title='bbox 101 1478 174 1545; x_wconf 78' lang='lat' dir='ltr'>sopio</span> <span class='ocrx_word' id='word_1_114' title='bbox 200 1491 328 1543; x_wconf 81' lang='lat' dir='ltr'>superscr.</span> <span class='ocrx_word' id='word_1_115' title='bbox 351 1489 379 1524; x_wconf 88' lang='grc' dir='ltr'>ιι.</span> <span class='ocrx_word' id='word_1_116' title='bbox 973 1489 976 1496; x_wconf 60' lang='lat'><strong>⁴</strong></span> 
     </span>
    </p>
   </div>
   <div class='ocr_carea' id='block_1_6' title="bbox 101 1653 1192 2779">
    <p class='ocr_par' dir='ltr' id='par_1_6' title="bbox 101 1653 1192 2779">
     <span class='ocr_line' id='line_1_12' title="bbox 135 1653 1190 1726; baseline 0.004 -21"><span class='ocrx_word' id='word_1_117' title='bbox 135 1653 307 1726; x_wconf 73' lang='lat' dir='ltr'>Epistola</span> <span class='ocrx_word' id='word_1_118' title='bbox 325 1654 358 1705; x_wconf 80' lang='lat' dir='ltr'>V.</span> <span class='ocrx_word' id='word_1_119' title='bbox 386 1654 413 1719; x_wconf 57' lang='grc' dir='ltr'><strong><em>ᾗ.</em></strong></span> <span class='ocrx_word' id='word_1_120' title='bbox 441 1655 467 1706; x_wconf 91' lang='grc'><strong><em>1.</em></strong></span> <span class='ocrx_word' id='word_1_121' title='bbox 499 1654 608 1706; x_wconf 80' lang='lat' dir='ltr'>Invideo</span> <span class='ocrx_word' id='word_1_122' title='bbox 636 1655 699 1722; x_wconf 88' lang='lat' dir='ltr'>tibi]</span> <span class='ocrx_word' id='word_1_123' title='bbox 727 1684 744 1695; x_wconf 96' lang='lat'>-</span> <span class='ocrx_word' id='word_1_124' title='bbox 767 1658 867 1708; x_wconf 72' lang='lat' dir='ltr'>invideo</span> <span class='ocrx_word' id='word_1_125' title='bbox 901 1659 963 1708; x_wconf 82' lang='lat' dir='ltr'>stibi</span> <span class='ocrx_word' id='word_1_126' title='bbox 980 1685 1015 1700; x_wconf 88' lang='lat'>·-</span> <span class='ocrx_word' id='word_1_127' title='bbox 1034 1657 1144 1725; x_wconf 85' lang='lat' dir='ltr'>mirere]</span> <span class='ocrx_word' id='word_1_128' title='bbox 1172 1683 1190 1698; x_wconf 88' lang='lat'><strong>·</strong></span> 
     </span>
     <span class='ocr_line' id='line_1_13' title="bbox 105 1744 1189 1816; baseline 0.001 -19"><span class='ocrx_word' id='word_1_129' title='bbox 105 1748 187 1797; x_wconf 84' lang='lat' dir='ltr'>mirer</span> <span class='ocrx_word' id='word_1_130' title='bbox 209 1774 245 1787; x_wconf 88' lang='lat'><em>-</em></span> <span class='ocrx_word' id='word_1_131' title='bbox 264 1763 278 1795; x_wconf 87' lang='lat' dir='ltr'>s</span> <span class='ocrx_word' id='word_1_132' title='bbox 299 1744 414 1814; x_wconf 76' lang='lat' dir='ltr'>repulse]</span> <span class='ocrx_word' id='word_1_133' title='bbox 444 1773 460 1783; x_wconf 96' lang='lat'>-</span> <span class='ocrx_word' id='word_1_134' title='bbox 484 1761 502 1794; x_wconf 85' lang='lat' dir='ltr'><em>a</em></span> <span class='ocrx_word' id='word_1_135' title='bbox 518 1745 644 1812; x_wconf 74' lang='lat' dir='ltr'>propulsa</span> <span class='ocrx_word' id='word_1_136' title='bbox 667 1762 793 1814; x_wconf 86' lang='lat' dir='ltr'>superscr.</span> <span class='ocrx_word' id='word_1_137' title='bbox 812 1747 845 1810; x_wconf 87' lang='lat' dir='ltr'>b,</span> <span class='ocrx_word' id='word_1_138' title='bbox 862 1756 893 1797; x_wconf 89' lang='lat' dir='ltr'>ut</span> <span class='ocrx_word' id='word_1_139' title='bbox 907 1748 956 1797; x_wconf 86' lang='lat' dir='ltr'>sit:</span> <span class='ocrx_word' id='word_1_140' title='bbox 976 1748 1008 1798; x_wconf 84' lang='lat' dir='ltr'>ab</span> <span class='ocrx_word' id='word_1_141' title='bbox 1024 1749 1137 1816; x_wconf 79' lang='lat' dir='ltr'>repulsu.</span> <span class='ocrx_word' id='word_1_142' title='bbox 1154 1773 1189 1788; x_wconf 92' lang='lat'>·-</span> 
     </span>
     <span class='ocr_line' id='line_1_14' title="bbox 103 1833 1189 1902; baseline 0 -16"><span class='ocrx_word' id='word_1_143' title='bbox 103 1837 157 1886; x_wconf 83' lang='lat' dir='ltr'>nisi</span> <span class='ocrx_word' id='word_1_144' title='bbox 186 1836 265 1886; x_wconf 87' lang='lat' dir='ltr'>nostri</span> <span class='ocrx_word' id='word_1_145' title='bbox 295 1836 397 1902; x_wconf 85' lang='lat' dir='ltr'>equites</span> <span class='ocrx_word' id='word_1_146' title='bbox 428 1833 542 1901; x_wconf 80' lang='lat' dir='ltr'>acutius]</span> <span class='ocrx_word' id='word_1_147' title='bbox 572 1862 589 1873; x_wconf 96' lang='lat'>-</span> <span class='ocrx_word' id='word_1_148' title='bbox 611 1835 663 1883; x_wconf 79' lang='lat' dir='ltr'>uisi</span> <span class='ocrx_word' id='word_1_149' title='bbox 683 1836 832 1900; x_wconf 71' lang='lat' dir='ltr'>nostrisque</span> <span class='ocrx_word' id='word_1_150' title='bbox 854 1837 976 1888; x_wconf 69' lang='lat' dir='ltr'>acratius:</span> <span class='ocrx_word' id='word_1_151' title='bbox 997 1837 1105 1893; x_wconf 79' lang='lat' dir='ltr'>alterum</span> <span class='ocrx_word' id='word_1_152' title='bbox 1129 1839 1189 1887; x_wconf 86' lang='lat' dir='ltr'>siu</span> 
     </span>
     <span class='ocr_line' id='line_1_15' title="bbox 105 1922 1191 1991; baseline 0.001 -17"><span class='ocrx_word' id='word_1_153' title='bbox 105 1923 255 1989; x_wconf 80' lang='lat' dir='ltr'>nostrisque</span> <span class='ocrx_word' id='word_1_154' title='bbox 267 1933 365 1991; x_wconf 85' lang='lat' dir='ltr'>puncto</span> <span class='ocrx_word' id='word_1_155' title='bbox 386 1933 520 1986; x_wconf 80' lang='lat' dir='ltr'>notatum,</span> <span class='ocrx_word' id='word_1_156' title='bbox 546 1933 575 1974; x_wconf 94' lang='lat' dir='ltr'>ut</span> <span class='ocrx_word' id='word_1_157' title='bbox 600 1926 647 1973; x_wconf 84' lang='lat' dir='ltr'>sit:</span> <span class='ocrx_word' id='word_1_158' title='bbox 675 1924 819 1990; x_wconf 72' lang='lat' dir='ltr'>nostrique.</span> <span class='ocrx_word' id='word_1_159' title='bbox 836 1949 872 1964; x_wconf 84' lang='lat'>·-</span> <span class='ocrx_word' id='word_1_160' title='bbox 894 1922 921 1986; x_wconf 69' lang='grc'><strong><em>1.</em></strong></span> <span class='ocrx_word' id='word_1_161' title='bbox 938 1924 963 1974; x_wconf 91' lang='grc'>2.</span> <span class='ocrx_word' id='word_1_162' title='bbox 978 1924 1101 1975; x_wconf 84' lang='lat' dir='ltr'>Servium</span> <span class='ocrx_word' id='word_1_163' title='bbox 1117 1924 1191 1976; x_wconf 82' lang='lat' dir='ltr'>deoi-</span> 
     </span>
     <span class='ocr_line' id='line_1_16' title="bbox 101 2012 1192 2082; baseline 0.003 -20"><span class='ocrx_word' id='word_1_164' title='bbox 101 2012 224 2082; x_wconf 76' lang='lat' dir='ltr'>gnatum]</span> <span class='ocrx_word' id='word_1_165' title='bbox 249 2041 266 2052; x_wconf 94' lang='lat'><em>-</em></span> <span class='ocrx_word' id='word_1_166' title='bbox 286 2029 363 2063; x_wconf 83' lang='lat' dir='ltr'>servu</span> <span class='ocrx_word' id='word_1_167' title='bbox 388 2029 446 2063; x_wconf 87' lang='lat' dir='ltr'>eum</span> <span class='ocrx_word' id='word_1_168' title='bbox 478 2013 530 2062; x_wconf 82' lang='lat' dir='ltr'>des.</span> <span class='ocrx_word' id='word_1_169' title='bbox 554 2040 590 2054; x_wconf 90' lang='lat'>-·</span> <span class='ocrx_word' id='word_1_170' title='bbox 608 2030 681 2063; x_wconf 83' lang='lat' dir='ltr'>causo</span> <span class='ocrx_word' id='word_1_171' title='bbox 716 2012 769 2080; x_wconf 88' lang='lat' dir='ltr'>est]</span> <span class='ocrx_word' id='word_1_172' title='bbox 792 2042 808 2052; x_wconf 96' lang='lat'>-</span> <span class='ocrx_word' id='word_1_173' title='bbox 833 2029 940 2066; x_wconf 83' lang='lat' dir='ltr'>causam</span> <span class='ocrx_word' id='word_1_174' title='bbox 961 2015 999 2062; x_wconf 77' lang='lat' dir='ltr'>est</span> <span class='ocrx_word' id='word_1_175' title='bbox 1030 2013 1069 2080; x_wconf 87' lang='grc' dir='ltr'><strong><em>(ιιι</em></strong></span> <span class='ocrx_word' id='word_1_176' title='bbox 1092 2025 1192 2082; x_wconf 75' lang='grc' dir='ltr'><strong><em>Ριιιιιῑσ</em></strong></span> 
     </span>
     <span class='ocr_line' id='line_1_17' title="bbox 104 2101 1188 2172; baseline -0.002 -16"><span class='ocrx_word' id='word_1_177' title='bbox 104 2103 244 2172; x_wconf 73' lang='lat' dir='ltr'>notatum.)</span> <span class='ocrx_word' id='word_1_178' title='bbox 265 2131 300 2144; x_wconf 89' lang='lat'>·-</span> <span class='ocrx_word' id='word_1_179' title='bbox 321 2103 460 2154; x_wconf 87' lang='lat' dir='ltr'>homiuum</span> <span class='ocrx_word' id='word_1_180' title='bbox 484 2103 624 2170; x_wconf 78' lang='lat' dir='ltr'>amicitias]</span> <span class='ocrx_word' id='word_1_181' title='bbox 650 2131 666 2142; x_wconf 94' lang='lat'><em>-</em></span> <span class='ocrx_word' id='word_1_182' title='bbox 690 2103 714 2153; x_wconf 82' lang='lat' dir='ltr'>h.</span> <span class='ocrx_word' id='word_1_183' title='bbox 741 2104 897 2156; x_wconf 76' lang='lat' dir='ltr'><strong><em>amicitiam.</em></strong></span> <span class='ocrx_word' id='word_1_184' title='bbox 918 2129 954 2142; x_wconf 86' lang='lat'>—-·</span> <span class='ocrx_word' id='word_1_185' title='bbox 975 2101 1001 2166; x_wconf 58' lang='grc' dir='ltr'><strong><em>ᾗ.</em></strong></span> <span class='ocrx_word' id='word_1_186' title='bbox 1025 2103 1051 2152; x_wconf 84' lang='grc'><strong><em>3.</em></strong></span> <span class='ocrx_word' id='word_1_187' title='bbox 1073 2113 1098 2153; x_wconf 90' lang='lat' dir='ltr'>te</span> <span class='ocrx_word' id='word_1_188' title='bbox 1116 2103 1188 2154; x_wconf 84' lang='lat' dir='ltr'>iace-</span> 
     </span>
     <span class='ocr_line' id='line_1_18' title="bbox 102 2191 1189 2260; baseline -0.003 -16"><span class='ocrx_word' id='word_1_189' title='bbox 102 2193 175 2260; x_wconf 89' lang='lat' dir='ltr'>rem]</span> <span class='ocrx_word' id='word_1_190' title='bbox 199 2222 216 2233; x_wconf 93' lang='lat'><em>-</em></span> <span class='ocrx_word' id='word_1_191' title='bbox 239 2195 265 2242; x_wconf 85' lang='lat' dir='ltr'>te</span> <span class='ocrx_word' id='word_1_192' title='bbox 284 2192 374 2256; x_wconf 79' lang='lat' dir='ltr'>fucere</span> <span class='ocrx_word' id='word_1_193' title='bbox 393 2219 428 2232; x_wconf 91' lang='lat'>-·</span> <span class='ocrx_word' id='word_1_194' title='bbox 451 2191 545 2243; x_wconf 79' lang='lat' dir='ltr'>sextil.</span> <span class='ocrx_word' id='word_1_195' title='bbox 577 2191 675 2260; x_wconf 90' lang='lat' dir='ltr'>usque]</span> <span class='ocrx_word' id='word_1_196' title='bbox 702 2221 719 2231; x_wconf 97' lang='lat'>-</span> <span class='ocrx_word' id='word_1_197' title='bbox 740 2197 878 2259; x_wconf 74' lang='lat' dir='ltr'>sextusque</span> <span class='ocrx_word' id='word_1_198' title='bbox 903 2219 938 2233; x_wconf 84' lang='lat'><em>-</em></span> <span class='ocrx_word' id='word_1_199' title='bbox 960 2191 1145 2258; x_wconf 81' lang='lat' dir='ltr'>deriseramus]</span> <span class='ocrx_word' id='word_1_200' title='bbox 1170 2218 1189 2232; x_wconf 91' lang='lat'>··</span> 
     </span>
     <span class='ocr_line' id='line_1_19' title="bbox 102 2280 1184 2348; baseline 0.001 -16"><span class='ocrx_word' id='word_1_201' title='bbox 102 2283 391 2332; x_wconf 78' lang='lat' dir='ltr'>deseramus-ausus</span> <span class='ocrx_word' id='word_1_202' title='bbox 415 2280 456 2348; x_wconf 86' lang='lat' dir='ltr'>es]</span> <span class='ocrx_word' id='word_1_203' title='bbox 485 2309 503 2320; x_wconf 95' lang='lat'><em>-</em></span> <span class='ocrx_word' id='word_1_204' title='bbox 528 2297 609 2332; x_wconf 83' lang='lat' dir='ltr'>ausus</span> <span class='ocrx_word' id='word_1_205' title='bbox 632 2285 671 2331; x_wconf 78' lang='lat' dir='ltr'>est</span> <span class='ocrx_word' id='word_1_206' title='bbox 687 2309 722 2321; x_wconf 88' lang='lat'><em>-</em></span> <span class='ocrx_word' id='word_1_207' title='bbox 735 2280 762 2345; x_wconf 77' lang='lat'>§.</span> <span class='ocrx_word' id='word_1_208' title='bbox 785 2282 811 2331; x_wconf 81' lang='grc'><strong><em>1.</em></strong></span> <span class='ocrx_word' id='word_1_209' title='bbox 835 2298 895 2332; x_wconf 91' lang='lat' dir='ltr'>cum</span> <span class='ocrx_word' id='word_1_210' title='bbox 918 2299 951 2332; x_wconf 87' lang='lat' dir='ltr'>ex</span> <span class='ocrx_word' id='word_1_211' title='bbox 976 2281 1060 2333; x_wconf 78' lang='lat' dir='ltr'>Gellia</span> <span class='ocrx_word' id='word_1_212' title='bbox 1085 2291 1184 2333; x_wconf 80' lang='lat' dir='ltr'>coechrs</span> 
     </span>
     <span class='ocr_line' id='line_1_20' title="bbox 105 2368 1187 2437; baseline -0.001 -14"><span class='ocrx_word' id='word_1_213' title='bbox 105 2380 174 2423; x_wconf 84' lang='lat' dir='ltr'>esset</span> <span class='ocrx_word' id='word_1_214' title='bbox 195 2371 281 2421; x_wconf 81' lang='lat' dir='ltr'>dicere</span> <span class='ocrx_word' id='word_1_215' title='bbox 304 2369 445 2437; x_wconf 86' lang='lat' dir='ltr'>Pompeius</span> <span class='ocrx_word' id='word_1_216' title='bbox 466 2368 508 2435; x_wconf 89' lang='lat' dir='ltr'>se]</span> <span class='ocrx_word' id='word_1_217' title='bbox 535 2396 553 2410; x_wconf 94' lang='lat'><em>-</em></span> <span class='ocrx_word' id='word_1_218' title='bbox 571 2385 630 2421; x_wconf 84' lang='lat' dir='ltr'>cum</span> <span class='ocrx_word' id='word_1_219' title='bbox 651 2371 788 2436; x_wconf 76' lang='lat' dir='ltr'>pompeius</span> <span class='ocrx_word' id='word_1_220' title='bbox 813 2385 864 2419; x_wconf 81' lang='lat' dir='ltr'>esse</span> <span class='ocrx_word' id='word_1_221' title='bbox 887 2371 915 2419; x_wconf 89' lang='grc' dir='ltr'>ιἰι</span> <span class='ocrx_word' id='word_1_222' title='bbox 934 2371 1019 2435; x_wconf 82' lang='lat' dir='ltr'>gallis</span> <span class='ocrx_word' id='word_1_223' title='bbox 1033 2376 1137 2422; x_wconf 80' lang='lat' dir='ltr'>coactus</span> <span class='ocrx_word' id='word_1_224' title='bbox 1149 2376 1187 2422; x_wconf 87' lang='lat' dir='ltr'>est</span> 
     </span>
     <span class='ocr_line' id='line_1_21' title="bbox 104 2457 1187 2530; baseline 0.002 -21"><span class='ocrx_word' id='word_1_225' title='bbox 104 2461 187 2510; x_wconf 83' lang='lat' dir='ltr'>dicere</span> <span class='ocrx_word' id='word_1_226' title='bbox 207 2460 343 2528; x_wconf 80' lang='lat' dir='ltr'>pompeius</span> <span class='ocrx_word' id='word_1_227' title='bbox 368 2488 402 2498; x_wconf 87' lang='lat'><em>-</em></span> <span class='ocrx_word' id='word_1_228' title='bbox 424 2457 637 2526; x_wconf 76' lang='lat' dir='ltr'>obtrectatorum]</span> <span class='ocrx_word' id='word_1_229' title='bbox 666 2483 684 2499; x_wconf 91' lang='lat'>-</span> <span class='ocrx_word' id='word_1_230' title='bbox 710 2460 921 2511; x_wconf 81' lang='lat' dir='ltr'>obtrectaturum</span> <span class='ocrx_word' id='word_1_231' title='bbox 940 2489 975 2501; x_wconf 86' lang='lat'>—-</span> <span class='ocrx_word' id='word_1_232' title='bbox 997 2471 1026 2511; x_wconf 94' lang='lat' dir='ltr'>ut</span> <span class='ocrx_word' id='word_1_233' title='bbox 1047 2477 1107 2512; x_wconf 90' lang='lat' dir='ltr'>cum</span> <span class='ocrx_word' id='word_1_234' title='bbox 1127 2462 1187 2530; x_wconf 87' lang='lat' dir='ltr'>pri-</span> 
     </span>
     <span class='ocr_line' id='line_1_22' title="bbox 105 2547 1187 2618; baseline 0.001 -19"><span class='ocrx_word' id='word_1_235' title='bbox 105 2549 196 2616; x_wconf 90' lang='lat' dir='ltr'>mum]</span> <span class='ocrx_word' id='word_1_236' title='bbox 222 2577 240 2589; x_wconf 94' lang='lat'><em>-</em></span> <span class='ocrx_word' id='word_1_237' title='bbox 263 2552 295 2598; x_wconf 83' lang='lat' dir='ltr'>ut</span> <span class='ocrx_word' id='word_1_238' title='bbox 318 2565 398 2615; x_wconf 80' lang='lat' dir='ltr'>quam</span> <span class='ocrx_word' id='word_1_239' title='bbox 418 2550 536 2615; x_wconf 68' lang='lat' dir='ltr'>primum</span> <span class='ocrx_word' id='word_1_240' title='bbox 557 2577 592 2590; x_wconf 84' lang='grc'><strong>-</strong></span> <span class='ocrx_word' id='word_1_241' title='bbox 615 2565 705 2599; x_wconf 74' lang='lat' dir='ltr'>rocem</span> <span class='ocrx_word' id='word_1_242' title='bbox 735 2547 785 2601; x_wconf 84' lang='lat' dir='ltr'>Cn.</span> <span class='ocrx_word' id='word_1_243' title='bbox 816 2547 969 2618; x_wconf 86' lang='lat' dir='ltr'>Pompeius]</span> <span class='ocrx_word' id='word_1_244' title='bbox 994 2578 1011 2588; x_wconf 97' lang='lat'>-</span> <span class='ocrx_word' id='word_1_245' title='bbox 1034 2566 1119 2601; x_wconf 84' lang='lat' dir='ltr'>vocem</span> <span class='ocrx_word' id='word_1_246' title='bbox 1146 2567 1187 2601; x_wconf 84' lang='lat' dir='ltr'>cre.</span> 
     </span>
     <span class='ocr_line' id='line_1_23' title="bbox 102 2635 1190 2707; baseline 0.002 -19"><span class='ocrx_word' id='word_1_247' title='bbox 102 2639 224 2706; x_wconf 78' lang='lat' dir='ltr'>pompeio</span> <span class='ocrx_word' id='word_1_248' title='bbox 246 2665 283 2678; x_wconf 89' lang='lat'>-</span> <span class='ocrx_word' id='word_1_249' title='bbox 306 2637 332 2701; x_wconf 65' lang='lat'>5.</span> <span class='ocrx_word' id='word_1_250' title='bbox 355 2639 381 2688; x_wconf 88' lang='grc'>5.</span> <span class='ocrx_word' id='word_1_251' title='bbox 407 2635 554 2704; x_wconf 69' lang='lat' dir='ltr'>Cibyratas]</span> <span class='ocrx_word' id='word_1_252' title='bbox 583 2663 601 2676; x_wconf 93' lang='lat'>-</span> <span class='ocrx_word' id='word_1_253' title='bbox 625 2636 753 2688; x_wconf 80' lang='lat' dir='ltr'>ciburotrs</span> <span class='ocrx_word' id='word_1_254' title='bbox 777 2663 795 2679; x_wconf 94' lang='lat'>-</span> <span class='ocrx_word' id='word_1_255' title='bbox 819 2636 847 2702; x_wconf 83' lang='lat'>§.</span> <span class='ocrx_word' id='word_1_256' title='bbox 862 2638 887 2689; x_wconf 82' lang='grc'><strong><em>6.</em></strong></span> <span class='ocrx_word' id='word_1_257' title='bbox 906 2639 971 2706; x_wconf 86' lang='lat' dir='ltr'>quid</span> <span class='ocrx_word' id='word_1_258' title='bbox 986 2639 1071 2706; x_wconf 87' lang='lat' dir='ltr'>mihi]</span> <span class='ocrx_word' id='word_1_259' title='bbox 1092 2667 1109 2679; x_wconf 96' lang='lat'><em>-</em></span> <span class='ocrx_word' id='word_1_260' title='bbox 1125 2642 1190 2707; x_wconf 79' lang='lat' dir='ltr'>qui-</span> 
     </span>
     <span class='ocr_line' id='line_1_24' title="bbox 102 2727 253 2779; baseline 0.007 -2"><span class='ocrx_word' id='word_1_261' title='bbox 102 2727 161 2779; x_wconf 79' lang='lat' dir='ltr'>dem</span> <span class='ocrx_word' id='word_1_262' title='bbox 180 2727 253 2778; x_wconf 80' lang='lat' dir='ltr'>milri.</span> 
     </span>
    </p>
   </div>
   <div class='ocr_carea' id='block_1_7' title="bbox 103 2901 1189 3241">
    <p class='ocr_par' dir='ltr' id='par_1_7' title="bbox 103 2901 1189 3241">
     <span class='ocr_line' id='line_1_25' title="bbox 138 2901 1182 2973; baseline 0.005 -17"><span class='ocrx_word' id='word_1_263' title='bbox 138 2903 301 2973; x_wconf 70' lang='lat' dir='ltr'>Epistola</span> <span class='ocrx_word' id='word_1_264' title='bbox 325 2901 370 2955; x_wconf 78' lang='lat' dir='ltr'>Vl.</span> <span class='ocrx_word' id='word_1_265' title='bbox 397 2903 423 2968; x_wconf 58' lang='grc' dir='ltr'><strong><em>ᾗ.</em></strong></span> <span class='ocrx_word' id='word_1_266' title='bbox 449 2905 473 2956; x_wconf 94' lang='grc'><strong><em>1.</em></strong></span> <span class='ocrx_word' id='word_1_267' title='bbox 494 2904 543 2955; x_wconf 93' lang='lat' dir='ltr'>hoc</span> <span class='ocrx_word' id='word_1_268' title='bbox 567 2903 709 2971; x_wconf 77' lang='lat' dir='ltr'>moderari]</span> <span class='ocrx_word' id='word_1_269' title='bbox 742 2905 814 2955; x_wconf 80' lang='lat' dir='ltr'>·hoc</span> <span class='ocrx_word' id='word_1_270' title='bbox 829 2921 902 2956; x_wconf 84' lang='lat' dir='ltr'>mors</span> <span class='ocrx_word' id='word_1_271' title='bbox 917 2907 1098 2958; x_wconf 76' lang='lat' dir='ltr'>moderari-</span> <span class='ocrx_word' id='word_1_272' title='bbox 1116 2905 1143 2972; x_wconf 56' lang='grc' dir='ltr'><strong><em>ᾗ.</em></strong></span> <span class='ocrx_word' id='word_1_273' title='bbox 1157 2910 1182 2961; x_wconf 86' lang='grc'>2.</span> 
     </span>
     <span class='ocr_line' id='line_1_26' title="bbox 103 2993 1189 3075; baseline 0.004 -31"><span class='ocrx_word' id='word_1_274' title='bbox 103 2996 193 3044; x_wconf 84' lang='lat' dir='ltr'>risum</span> <span class='ocrx_word' id='word_1_275' title='bbox 213 2993 265 3061; x_wconf 86' lang='lat' dir='ltr'>est]</span> <span class='ocrx_word' id='word_1_276' title='bbox 288 3023 305 3034; x_wconf 94' lang='lat'><em>-</em></span> <span class='ocrx_word' id='word_1_277' title='bbox 329 2996 402 3044; x_wconf 83' lang='lat' dir='ltr'>uisus</span> <span class='ocrx_word' id='word_1_278' title='bbox 427 2999 465 3045; x_wconf 81' lang='lat' dir='ltr'>ert</span> <span class='ocrx_word' id='word_1_279' title='bbox 482 3021 517 3036; x_wconf 84' lang='lat'><em>-</em></span> <span class='ocrx_word' id='word_1_280' title='bbox 530 2994 657 3062; x_wconf 86' lang='lat' dir='ltr'>moretur]</span> <span class='ocrx_word' id='word_1_281' title='bbox 679 3023 696 3033; x_wconf 97' lang='lat'>-</span> <span class='ocrx_word' id='word_1_282' title='bbox 711 2999 859 3075; x_wconf 60' lang='lat' dir='ltr'>morqetur</span> <span class='ocrx_word' id='word_1_283' title='bbox 871 3023 906 3036; x_wconf 90' lang='lat'><em>-</em></span> <span class='ocrx_word' id='word_1_284' title='bbox 922 2995 949 3059; x_wconf 55' lang='grc' dir='ltr'>ᾗ.</span> <span class='ocrx_word' id='word_1_285' title='bbox 969 2996 995 3046; x_wconf 84' lang='grc'><strong><em>3.</em></strong></span> <span class='ocrx_word' id='word_1_286' title='bbox 1013 2995 1153 3064; x_wconf 80' lang='lat' dir='ltr'>hebetem]</span> <span class='ocrx_word' id='word_1_287' title='bbox 1172 3025 1189 3038; x_wconf 89' lang='lat'><em>-</em></span> 
     </span>
     <span class='ocr_line' id='line_1_27' title="bbox 105 3083 1189 3152; baseline 0.004 -19"><span class='ocrx_word' id='word_1_288' title='bbox 105 3084 199 3134; x_wconf 77' lang='lat' dir='ltr'>habere</span> <span class='ocrx_word' id='word_1_289' title='bbox 213 3110 248 3122; x_wconf 89' lang='lat'><em>-</em></span> <span class='ocrx_word' id='word_1_290' title='bbox 261 3093 337 3151; x_wconf 79' lang='lat' dir='ltr'>urget</span> <span class='ocrx_word' id='word_1_291' title='bbox 354 3083 454 3151; x_wconf 86' lang='lat' dir='ltr'>neque]</span> <span class='ocrx_word' id='word_1_292' title='bbox 475 3112 492 3121; x_wconf 97' lang='lat'>-</span> <span class='ocrx_word' id='word_1_293' title='bbox 507 3087 586 3148; x_wconf 81' lang='lat' dir='ltr'>urget</span> <span class='ocrx_word' id='word_1_294' title='bbox 601 3085 768 3150; x_wconf 71' lang='lat' dir='ltr'>sineque-</span> <span class='ocrx_word' id='word_1_295' title='bbox 783 3093 902 3136; x_wconf 81' lang='lat' dir='ltr'>reustum</span> <span class='ocrx_word' id='word_1_296' title='bbox 919 3084 1035 3152; x_wconf 87' lang='lat' dir='ltr'>efficere]</span> <span class='ocrx_word' id='word_1_297' title='bbox 1056 3113 1074 3125; x_wconf 95' lang='lat'>-</span> <span class='ocrx_word' id='word_1_298' title='bbox 1092 3087 1189 3137; x_wconf 75' lang='lat' dir='ltr'>serratis</span> 
     </span>
     <span class='ocr_line' id='line_1_28' title="bbox 104 3165 597 3241; baseline -0.002 -17"><span class='ocrx_word' id='word_1_299' title='bbox 104 3175 201 3240; x_wconf 80' lang='lat' dir='ltr'>efficere</span> <span class='ocrx_word' id='word_1_300' title='bbox 215 3173 352 3241; x_wconf 85' lang='lat' dir='ltr'>-ouret]</span> <span class='ocrx_word' id='word_1_301' title='bbox 370 3202 387 3212; x_wconf 95' lang='lat'>-</span> <span class='ocrx_word' id='word_1_302' title='bbox 405 3177 506 3225; x_wconf 79' lang='lat' dir='ltr'>curent.</span> <span class='ocrx_word' id='word_1_303' title='bbox 595 3165 597 3172; x_wconf 50' lang='lat'><strong>¹</strong></span> 
     </span>
    </p>
   </div>
   <div class='ocr_carea' id='block_1_8' title="bbox 105 3373 1191 4160">
    <p class='ocr_par' dir='ltr' id='par_1_8' title="bbox 105 3373 1191 4160">
     <span class='ocr_line' id='line_1_29' title="bbox 139 3373 1190 3444; baseline -0.001 -16"><span class='ocrx_word' id='word_1_304' title='bbox 139 3374 302 3444; x_wconf 73' lang='lat' dir='ltr'>Epistola</span> <span class='ocrx_word' id='word_1_305' title='bbox 321 3375 380 3428; x_wconf 75' lang='lat' dir='ltr'>vn.</span> <span class='ocrx_word' id='word_1_306' title='bbox 405 3375 430 3439; x_wconf 64' lang='lat'>5.</span> <span class='ocrx_word' id='word_1_307' title='bbox 455 3376 480 3425; x_wconf 91' lang='lat'>1.</span> <span class='ocrx_word' id='word_1_308' title='bbox 503 3373 645 3427; x_wconf 83' lang='lat' dir='ltr'>Curionem</span> <span class='ocrx_word' id='word_1_309' title='bbox 667 3391 770 3444; x_wconf 85' lang='lat' dir='ltr'>prorsus</span> <span class='ocrx_word' id='word_1_310' title='bbox 790 3374 858 3441; x_wconf 88' lang='lat' dir='ltr'>nou]</span> <span class='ocrx_word' id='word_1_311' title='bbox 885 3389 903 3414; x_wconf 61' lang='grc' dir='ltr'>ὸ</span> <span class='ocrx_word' id='word_1_312' title='bbox 927 3373 1059 3423; x_wconf 77' lang='lat' dir='ltr'>curionem</span> <span class='ocrx_word' id='word_1_313' title='bbox 1076 3389 1190 3440; x_wconf 77' lang='lat' dir='ltr'>prorsus</span> 
     </span>
     <span class='ocr_line' id='line_1_30' title="bbox 107 3461 1185 3530; baseline -0.001 -13"><span class='ocrx_word' id='word_1_314' title='bbox 107 3467 242 3517; x_wconf 82' lang='lat' dir='ltr'>curionem</span> <span class='ocrx_word' id='word_1_315' title='bbox 256 3481 310 3517; x_wconf 82' lang='lat' dir='ltr'>nort</span> <span class='ocrx_word' id='word_1_316' title='bbox 324 3493 360 3504; x_wconf 91' lang='lat'>-</span> <span class='ocrx_word' id='word_1_317' title='bbox 373 3481 476 3516; x_wconf 80' lang='lat' dir='ltr'>causum</span> <span class='ocrx_word' id='word_1_318' title='bbox 486 3463 643 3530; x_wconf 75' lang='lat' dir='ltr'>liberaliter]</span> <span class='ocrx_word' id='word_1_319' title='bbox 664 3493 680 3503; x_wconf 95' lang='lat'>-</span> <span class='ocrx_word' id='word_1_320' title='bbox 696 3479 804 3513; x_wconf 79' lang='lat' dir='ltr'>causam</span> <span class='ocrx_word' id='word_1_321' title='bbox 820 3463 976 3514; x_wconf 83' lang='lat' dir='ltr'>liberalr‘s-</span> <span class='ocrx_word' id='word_1_322' title='bbox 994 3461 1020 3526; x_wconf 58' lang='grc' dir='ltr'><strong><em>ᾗ.</em></strong></span> <span class='ocrx_word' id='word_1_323' title='bbox 1037 3464 1063 3514; x_wconf 94' lang='grc'>2.</span> <span class='ocrx_word' id='word_1_324' title='bbox 1082 3466 1109 3515; x_wconf 88' lang='lat' dir='ltr'>iu</span> <span class='ocrx_word' id='word_1_325' title='bbox 1126 3464 1185 3516; x_wconf 85' lang='lat' dir='ltr'>Kel.</span> 
     </span>
     <span class='ocr_line' id='line_1_31' title="bbox 105 3552 1189 3622; baseline -0.001 -16"><span class='ocrx_word' id='word_1_326' title='bbox 105 3557 233 3606; x_wconf 88' lang='lat' dir='ltr'>reiectum</span> <span class='ocrx_word' id='word_1_327' title='bbox 257 3554 305 3622; x_wconf 88' lang='lat' dir='ltr'>ne]</span> <span class='ocrx_word' id='word_1_328' title='bbox 325 3585 341 3594; x_wconf 97' lang='lat'><em>-</em></span> <span class='ocrx_word' id='word_1_329' title='bbox 357 3557 387 3605; x_wconf 84' lang='grc' dir='ltr'>ιἰι</span> <span class='ocrx_word' id='word_1_330' title='bbox 400 3554 463 3606; x_wconf 84' lang='lat' dir='ltr'>Kal.</span> <span class='ocrx_word' id='word_1_331' title='bbox 480 3555 575 3604; x_wconf 81' lang='lat' dir='ltr'>reiecta</span> <span class='ocrx_word' id='word_1_332' title='bbox 589 3557 627 3604; x_wconf 81' lang='lat' dir='ltr'>est</span> <span class='ocrx_word' id='word_1_333' title='bbox 642 3570 673 3603; x_wconf 85' lang='lat' dir='ltr'>ne</span> <span class='ocrx_word' id='word_1_334' title='bbox 688 3581 722 3594; x_wconf 80' lang='lat'>-</span> <span class='ocrx_word' id='word_1_335' title='bbox 737 3569 811 3603; x_wconf 76' lang='lat' dir='ltr'>causo</span> <span class='ocrx_word' id='word_1_336' title='bbox 826 3552 903 3620; x_wconf 79' lang='lat' dir='ltr'>hreo]</span> <span class='ocrx_word' id='word_1_337' title='bbox 925 3581 942 3591; x_wconf 96' lang='lat'>-</span> <span class='ocrx_word' id='word_1_338' title='bbox 959 3569 1065 3614; x_wconf 73' lang='lat' dir='ltr'>causum</span> <span class='ocrx_word' id='word_1_339' title='bbox 1083 3555 1144 3606; x_wconf 81' lang='lat' dir='ltr'>haec</span> <span class='ocrx_word' id='word_1_340' title='bbox 1154 3583 1189 3598; x_wconf 87' lang='lat'>·-·</span> 
     </span>
     <span class='ocr_line' id='line_1_32' title="bbox 106 3637 1189 3714; baseline 0 -19"><span class='ocrx_word' id='word_1_341' title='bbox 106 3643 312 3712; x_wconf 85' lang='lat' dir='ltr'>relinquendus]</span> <span class='ocrx_word' id='word_1_342' title='bbox 332 3673 349 3683; x_wconf 97' lang='lat'>-</span> <span class='ocrx_word' id='word_1_343' title='bbox 369 3643 565 3709; x_wconf 78' lang='lat' dir='ltr'>relinquendum</span> <span class='ocrx_word' id='word_1_344' title='bbox 582 3659 712 3710; x_wconf 86' lang='lat' dir='ltr'>—quum</span> <span class='ocrx_word' id='word_1_345' title='bbox 729 3641 844 3710; x_wconf 80' lang='lat' dir='ltr'>Gellius]</span> <span class='ocrx_word' id='word_1_346' title='bbox 863 3672 879 3681; x_wconf 94' lang='lat'><em>-</em></span> <span class='ocrx_word' id='word_1_347' title='bbox 893 3659 943 3708; x_wconf 79' lang='lat' dir='ltr'>quo</span> <span class='ocrx_word' id='word_1_348' title='bbox 961 3637 1034 3711; x_wconf 84' lang='lat' dir='ltr'>(cum</span> <span class='ocrx_word' id='word_1_349' title='bbox 1048 3642 1110 3710; x_wconf 86' lang='lat' dir='ltr'>liu.)</span> <span class='ocrx_word' id='word_1_350' title='bbox 1128 3645 1189 3714; x_wconf 74' lang='lat' dir='ltr'>gal-</span> 
     </span>
     <span class='ocr_line' id='line_1_33' title="bbox 108 3730 1191 3804; baseline 0 -20"><span class='ocrx_word' id='word_1_351' title='bbox 108 3735 159 3784; x_wconf 82' lang='lat' dir='ltr'>liae</span> <span class='ocrx_word' id='word_1_352' title='bbox 178 3761 213 3774; x_wconf 89' lang='lat'>·-</span> <span class='ocrx_word' id='word_1_353' title='bbox 235 3733 350 3804; x_wconf 79' lang='lat' dir='ltr'>parares]</span> <span class='ocrx_word' id='word_1_354' title='bbox 377 3761 393 3772; x_wconf 86' lang='lat'><em>-</em></span> <span class='ocrx_word' id='word_1_355' title='bbox 412 3734 524 3800; x_wconf 77' lang='lat' dir='ltr'>pararis</span> <span class='ocrx_word' id='word_1_356' title='bbox 544 3761 579 3770; x_wconf 87' lang='lat'>-</span> <span class='ocrx_word' id='word_1_357' title='bbox 603 3730 630 3794; x_wconf 65' lang='grc'><strong><em>1.</em></strong></span> <span class='ocrx_word' id='word_1_358' title='bbox 654 3731 679 3782; x_wconf 86' lang='grc'><strong><em>3.</em></strong></span> <span class='ocrx_word' id='word_1_359' title='bbox 702 3730 811 3783; x_wconf 85' lang='lat' dir='ltr'>Curioni</span> <span class='ocrx_word' id='word_1_360' title='bbox 832 3731 937 3799; x_wconf 86' lang='lat' dir='ltr'>decem]</span> <span class='ocrx_word' id='word_1_361' title='bbox 957 3758 974 3770; x_wconf 91' lang='lat'>-</span> <span class='ocrx_word' id='word_1_362' title='bbox 992 3735 1098 3784; x_wconf 74' lang='lat' dir='ltr'>merione</span> <span class='ocrx_word' id='word_1_363' title='bbox 1113 3733 1138 3785; x_wconf 79' lang='lat' dir='ltr'>d.</span> <span class='ocrx_word' id='word_1_364' title='bbox 1156 3761 1191 3777; x_wconf 85' lang='lat'>-·</span> 
     </span>
     <span class='ocr_line' id='line_1_34' title="bbox 106 3820 1189 3890; baseline 0 -17"><span class='ocrx_word' id='word_1_365' title='bbox 106 3822 239 3890; x_wconf 84' lang='lat' dir='ltr'>scorsum]</span> <span class='ocrx_word' id='word_1_366' title='bbox 264 3849 282 3863; x_wconf 93' lang='lat'><em>-</em></span> <span class='ocrx_word' id='word_1_367' title='bbox 304 3839 406 3872; x_wconf 82' lang='lat' dir='ltr'>seorsus</span> <span class='ocrx_word' id='word_1_368' title='bbox 429 3850 463 3861; x_wconf 91' lang='lat'>-</span> <span class='ocrx_word' id='word_1_369' title='bbox 486 3823 585 3888; x_wconf 85' lang='lat' dir='ltr'>impera</span> <span class='ocrx_word' id='word_1_370' title='bbox 608 3820 666 3872; x_wconf 85' lang='lat' dir='ltr'>ibi:</span> <span class='ocrx_word' id='word_1_371' title='bbox 687 3820 735 3871; x_wconf 90' lang='lat' dir='ltr'>hoc</span> <span class='ocrx_word' id='word_1_372' title='bbox 759 3821 833 3888; x_wconf 84' lang='lat' dir='ltr'>cura]</span> <span class='ocrx_word' id='word_1_373' title='bbox 855 3849 871 3860; x_wconf 92' lang='lat'><em>-</em></span> <span class='ocrx_word' id='word_1_374' title='bbox 887 3822 987 3887; x_wconf 79' lang='lat' dir='ltr'>impera</span> <span class='ocrx_word' id='word_1_375' title='bbox 1010 3822 1058 3871; x_wconf 81' lang='lat' dir='ltr'>tibi</span> <span class='ocrx_word' id='word_1_376' title='bbox 1077 3823 1125 3873; x_wconf 81' lang='lat' dir='ltr'>hoc</span> <span class='ocrx_word' id='word_1_377' title='bbox 1139 3839 1189 3873; x_wconf 89' lang='lat' dir='ltr'>cu-</span> 
     </span>
     <span class='ocr_line' id='line_1_35' title="bbox 107 3907 1189 3978; baseline 0 -14"><span class='ocrx_word' id='word_1_378' title='bbox 107 3929 170 3964; x_wconf 83' lang='lat' dir='ltr'>rare</span> <span class='ocrx_word' id='word_1_379' title='bbox 190 3942 224 3952; x_wconf 89' lang='lat'><em>-</em></span> <span class='ocrx_word' id='word_1_380' title='bbox 248 3911 275 3976; x_wconf 57' lang='grc' dir='ltr'><strong><em>ᾗ.</em></strong></span> <span class='ocrx_word' id='word_1_381' title='bbox 296 3913 321 3962; x_wconf 84' lang='lat' dir='ltr'>l.</span> <span class='ocrx_word' id='word_1_382' title='bbox 345 3911 424 3978; x_wconf 86' lang='lat' dir='ltr'>istuc]</span> <span class='ocrx_word' id='word_1_383' title='bbox 445 3911 544 3960; x_wconf 83' lang='lat' dir='ltr'>-istoc</span> <span class='ocrx_word' id='word_1_384' title='bbox 567 3934 602 3947; x_wconf 83' lang='lat'>—</span> <span class='ocrx_word' id='word_1_385' title='bbox 625 3907 652 3972; x_wconf 80' lang='lat'>§.</span> <span class='ocrx_word' id='word_1_386' title='bbox 675 3909 700 3959; x_wconf 90' lang='grc'><strong><em>6.</em></strong></span> <span class='ocrx_word' id='word_1_387' title='bbox 722 3927 782 3960; x_wconf 91' lang='lat' dir='ltr'>cum</span> <span class='ocrx_word' id='word_1_388' title='bbox 797 3911 913 3960; x_wconf 87' lang='lat' dir='ltr'>exercitu</span> <span class='ocrx_word' id='word_1_389' title='bbox 935 3919 961 3960; x_wconf 93' lang='lat' dir='ltr'>et</span> <span class='ocrx_word' id='word_1_390' title='bbox 976 3910 1110 3962; x_wconf 88' lang='lat' dir='ltr'>consulem</span> <span class='ocrx_word' id='word_1_391' title='bbox 1125 3929 1189 3964; x_wconf 80' lang='lat' dir='ltr'>esse.</span> 
     </span>
     <span class='ocr_line' id='line_1_36' title="bbox 107 3997 1189 4069; baseline -0.003 -16"><span class='ocrx_word' id='word_1_392' title='bbox 107 4001 224 4069; x_wconf 80' lang='lat' dir='ltr'>Tamen]</span> <span class='ocrx_word' id='word_1_393' title='bbox 243 4028 261 4041; x_wconf 93' lang='lat'>-</span> <span class='ocrx_word' id='word_1_394' title='bbox 276 4017 335 4052; x_wconf 81' lang='lat' dir='ltr'>sum</span> <span class='ocrx_word' id='word_1_395' title='bbox 359 4001 487 4052; x_wconf 72' lang='lat' dir='ltr'>exercilus</span> <span class='ocrx_word' id='word_1_396' title='bbox 508 4002 534 4049; x_wconf 83' lang='lat' dir='ltr'>et</span> <span class='ocrx_word' id='word_1_397' title='bbox 557 3998 648 4048; x_wconf 84' lang='lat' dir='ltr'>consul</span> <span class='ocrx_word' id='word_1_398' title='bbox 669 3999 722 4064; x_wconf 82' lang='lat' dir='ltr'>ipss</span> <span class='ocrx_word' id='word_1_399' title='bbox 748 4003 836 4048; x_wconf 82' lang='lat' dir='ltr'>tamen</span> <span class='ocrx_word' id='word_1_400' title='bbox 852 4025 887 4040; x_wconf 88' lang='lat'>·-</span> <span class='ocrx_word' id='word_1_401' title='bbox 905 3997 1032 4068; x_wconf 74' lang='lat' dir='ltr'>Bulbum]</span> <span class='ocrx_word' id='word_1_402' title='bbox 1050 4028 1068 4041; x_wconf 93' lang='lat'><em>-</em></span> <span class='ocrx_word' id='word_1_403' title='bbox 1085 4001 1189 4054; x_wconf 77' lang='lat' dir='ltr'>baldum</span> 
     </span>
     <span class='ocr_line' id='line_1_37' title="bbox 107 4090 284 4160; baseline -0.011 -19"><span class='ocrx_word' id='word_1_404' title='bbox 107 4108 236 4160; x_wconf 81' lang='lat' dir='ltr'>superecr.</span> <span class='ocrx_word' id='word_1_405' title='bbox 259 4090 284 4140; x_wconf 79' lang='lat' dir='ltr'>b.</span> 
     </span>
    </p>
   </div>
   <div class='ocr_carea' id='block_1_9' title="bbox 107 4264 1190 4424">
    <p class='ocr_par' dir='ltr' id='par_1_9' title="bbox 107 4264 1190 4424">
     <span class='ocr_line' id='line_1_38' title="bbox 143 4264 1190 4337; baseline -0.001 -17"><span class='ocrx_word' id='word_1_406' title='bbox 143 4265 308 4336; x_wconf 74' lang='lat' dir='ltr'>Epistola</span> <span class='ocrx_word' id='word_1_407' title='bbox 331 4267 403 4319; x_wconf 73' lang='grc' dir='ltr'><strong><em>ΠΗ.</em></strong></span> <span class='ocrx_word' id='word_1_408' title='bbox 427 4266 453 4330; x_wconf 63' lang='lat' dir='ltr'>b.</span> <span class='ocrx_word' id='word_1_409' title='bbox 480 4267 507 4316; x_wconf 86' lang='lat'>1.</span> <span class='ocrx_word' id='word_1_410' title='bbox 533 4283 587 4333; x_wconf 91' lang='lat' dir='ltr'>quo</span> <span class='ocrx_word' id='word_1_411' title='bbox 608 4264 706 4333; x_wconf 78' lang='lat' dir='ltr'>magis]</span> <span class='ocrx_word' id='word_1_412' title='bbox 727 4266 828 4331; x_wconf 82' lang='lat' dir='ltr'>-quod</span> <span class='ocrx_word' id='word_1_413' title='bbox 852 4267 938 4331; x_wconf 69' lang='lat' dir='ltr'>neugio</span> <span class='ocrx_word' id='word_1_414' title='bbox 954 4293 989 4307; x_wconf 88' lang='lat'>-·</span> <span class='ocrx_word' id='word_1_415' title='bbox 1013 4268 1116 4333; x_wconf 77' lang='lat' dir='ltr'>quaeris</span> <span class='ocrx_word' id='word_1_416' title='bbox 1139 4285 1190 4337; x_wconf 85' lang='lat' dir='ltr'>que</span> 
     </span>
     <span class='ocr_line' id='line_1_39' title="bbox 107 4353 1190 4424; baseline -0.01 -16"><span class='ocrx_word' id='word_1_417' title='bbox 107 4362 135 4409; x_wconf 89' lang='lat' dir='ltr'>in</span> <span class='ocrx_word' id='word_1_418' title='bbox 157 4356 248 4424; x_wconf 77' lang='lat' dir='ltr'>cruor]</span> <span class='ocrx_word' id='word_1_419' title='bbox 275 4385 291 4396; x_wconf 93' lang='lat'>-</span> <span class='ocrx_word' id='word_1_420' title='bbox 307 4357 412 4424; x_wconf 78' lang='lat' dir='ltr'>qrtorrr&#39;s</span> <span class='ocrx_word' id='word_1_421' title='bbox 427 4371 462 4405; x_wconf 81' lang='lat' dir='ltr'>art</span> <span class='ocrx_word' id='word_1_422' title='bbox 482 4369 563 4405; x_wconf 79' lang='lat' dir='ltr'>causa</span> <span class='ocrx_word' id='word_1_423' title='bbox 576 4381 610 4393; x_wconf 90' lang='lat'>--</span> <span class='ocrx_word' id='word_1_424' title='bbox 626 4353 742 4420; x_wconf 77' lang='lat' dir='ltr'>deterre]</span> <span class='ocrx_word' id='word_1_425' title='bbox 763 4383 779 4393; x_wconf 91' lang='lat'>·</span> <span class='ocrx_word' id='word_1_426' title='bbox 796 4355 904 4420; x_wconf 81' lang='lat' dir='ltr'>differre</span> <span class='ocrx_word' id='word_1_427' title='bbox 920 4382 954 4400; x_wconf 76' lang='grc' dir='ltr'>-ι</span> <span class='ocrx_word' id='word_1_428' title='bbox 969 4365 995 4408; x_wconf 93' lang='lat' dir='ltr'>et</span> <span class='ocrx_word' id='word_1_429' title='bbox 1013 4355 1153 4423; x_wconf 70' lang='lat' dir='ltr'>Tuccium]</span> <span class='ocrx_word' id='word_1_430' title='bbox 1166 4381 1190 4397; x_wconf 56' lang='grc' dir='ltr'><strong><em>ι..</em></strong></span> 
     </span>
    </p>
   </div>
   <div class='ocr_carea' id='block_1_10' title="bbox 0 0 1527 5166">
    <p class='ocr_par' dir='ltr' id='par_1_10' title="bbox 0 0 1527 5166">
     <span class='ocr_line' id='line_1_40' title="bbox 0 0 1527 5166; baseline 0 0"><span class='ocrx_word' id='word_1_431' title='bbox 0 0 1527 5166; x_wconf 95' lang='lat' dir='ltr'> </span> 
     </span>
    </p>
   </div>
  </div>
 </body>
</html>
