3012 5182
639 359 682 418 Zl'

135 583 286 644 versatus
303 565 370 660 sit,
396 572 465 664 agit
489 591 606 640 causas
627 562 821 639 liberalem:
841 565 901 639 sed
923 591 998 638 ram
1022 580 1098 662 post
1121 591 1194 640 mr»

133 703 287 774 rudium.-

185 827 220 899 2.
270 829 321 899 De
365 827 567 923 provinciis,
609 823 701 920 quod
746 823 807 896 tibi
843 826 1040 922 scripseram
1073 823 1192 896 ldibus

134 955 251 1026 Sextil.
301 965 418 1025 actum
465 953 526 1042 iri,
575 951 769 1047 interpellat
815 951 981 1024 iudicium
1016 953 1192 1042 Marcelli,

134 1085 283 1158 consulis
321 1083 494 1176 designati.
555 1079 594 1150 ln
626 1079 767 1152 llalcnd,
807 1078 903 1178 [rus]
938 1084 1061 1154 reiecta
1094 1096 1187 1171 cst23

134 1235 179 1282 nc
226 1209 448 1306 linquentiam
493 1207 634 1302 quidem
679 1208 812 1280 efficere
854 1221 1033 1304 potuerunt
1048 1221 1073 1280 ³.
1123 1213 1194 1282 Has

132 1341 248 1410 literas
268 1363 298 1409 a.
325 1337 360 1407 d.
385 1360 429 1406 ιν.
453 1336 539 1409 Non.
561 1336 753 1433 septembr.
778 1338 881 1429 dedi,
917 1363 1025 1434 quum
1048 1339 1090 1409 ad
1113 1364 1194 1411 cam

130 1467 223 1537 diem
256 1487 299 1534 ne
331 1462 575 1558 profligatum⁴
605 1465 744 1558 quidem
785 1465 974 1561 quidquam
1009 1480 1092 1537 erat.
1143 1468 1190 1538 Ut

130 1595 254 1684 viduo,
302 1616 408 1664 causa¹
448 1593 530 1664 haec
574 1595 703 1687 integra
747 1595 783 1663 in
830 1598 1021 1688 proximum
1060 1621 1196 1669 annum·

130 1723 372 1796 transferetur:-
412 1734 476 1811 et,
521 1736 689 1818 quantum
724 1723 861 1813 divino,
897 1725 1189 1818 relinquendum⁵

131 1854 197 1924 tibi
232 1853 320 1943 crit,
357 1855 417 1946 qui
447 1853 653 1948 provinciam
677 1851 839 1923 obtineat.
889 1853 972 1922 Nam
998 1877 1063 1922 non
1087 1877 1191 1946 expe--

131 1981 228 2050 ditur
264 1981 444 2068 successio,
480 1979 666 2072 quoniam⁶
692 1977 845 2066 Galliac,
881 2003 969 2073 quae
991 1979 1117 2050 habent
1141 1983 1193 2050 in·-

130 2123 362 2198 tercessorcm‚
396 2110 431 2178 in
465 2106 608 2177 eandem
641 2107 885 2199 conditionem,
919 2133 1021 2204 quam
1057 2123 1195 2182 ceterae·

127 2237 344 2335 provinciae,
377 2245 551 2308 vocantur.
608 2233 680 2306 lloc
712 2235 794 2306 mihi
831 2261 898 2306 nou
936 2249 986 2308 est
1022 2239 1187 2308 dubium:

127 2390 199 2462 quo
233 2364 297 2435 tibi
333 2363 462 2457 magis⁷
497 2363 638 2456 scripsi,
678 2374 717 2433 ut
749 2363 793 2434 ad
830 2365 921 2435 hunc
957 2381 1116 2440 eventum
1154 2381 1193 2438 tu·

125 2519 273 2592 parares.

176 2619 211 2693 3.
262 2621 344 2692 Fere
377 2620 485 2690 literis
521 2619 678 2691 omnibus
704 2619 766 2691 tibi
789 2621 834 2692 dc
858 2623 1032 2715 pantheris
1056 2627 1187 2720 scripsi.

125 2755 241 2849 Turpe
276 2751 340 2822 tihi
374 2752 439 2820 crit
472 2749 667 2819 Patiscurn³
693 2748 829 2819 Curioni
863 2749 980 2820 ducem
1006 2753 1186 2845 panthcras

126 2882 254 2952 misisse
268 2933 283 2966 ‚.
314 2890 348 2948 te
381 2899 448 2947 nun
478 2877 597 2946 multis
629 2877 786 2970 partibus
817 2878 953 2973 plures:
978 2903 1063 2974 quas
1098 2883 1188 2975 ipsas

128 3010 229 3082 Curio
273 3004 358 3076 mihi
401 3015 435 3075 et
473 3004 554 3073 alias
589 3001 761 3073 Africanas
793 3002 913 3074 dacem
949 3003 1107 3076 donavit:
1143 3033 1195 3078 nc·

141 3203 380 3221 ff

173 3318 212 3386 (1)
231 3319 251 3366 i.
259 3333 283 3366 c.
292 3315 365 3384 parvi
373 3313 498 3363 momenti
509 3348 516 3373 ‚
533 3310 623 3379 qual'cs
632 3321 692 3361 sunt
699 3308 819 3360 liberales
826 3327 924 3359 causae.
935 3307 979 3360 Sic
989 3309 1080 3361 Lamb.
1091 3313 1183 3364 Gracv.

125 3407 188 3458 um.
203 3404 424 3466 sebe-curarum
439 3399 553 3452 literatis
568 3398 619 3450 Md.
636 3398 703 3450 Vict.
719 3399 745 3449 2.
763 3399 843 3464 Bcng.
860 3397 957 3450 Bencd.
976 3429 1008 3438 -
1024 3417 1130 3452 causam
1147 3405 1183 3452 li-

126 3497 250 3548 bcraliter
266 3492 334 3545 Crat.
354 3489 421 3540 Vict·
436 3488 461 3539 1·
499 3488 538 3556 (2)
557 3487 601 3539 Sic
614 3490 713 3556 scripsi.
734 3516 768 3527 -
785 3489 811 3537 in
827 3488 890 3538 Kal.
908 3490 1002 3539 reiecta
1016 3494 1072 3550 ert,·
1086 3509 1117 3542 ne
1132 3491 1181 3544 ud.

126 3587 216 3654 Antiq.
226 3583 293 3634 Vict.
304 3582 330 3632 2.
343 3579 438 3631 Bencd·
451 3608 486 3620 -
498 3580 525 3629 in
537 3580 599 3630 Kal.
616 3580 755 3643 reiectum,
772 3595 803 3629 ac
820 3578 889 3632 Orat.
907 3578 975 3630 vict.
989 3581 1014 3632 1.
1030 3610 1064 3620 ·—
1081 3584 1108 3632 in
1124 3585 1186 3634 Kal.

123 3679 219 3730 reiecta
243 3689 325 3725 cauca
345 3676 401 3736 cst,
420 3687 451 3721 ne
472 3669 577 3738 (Neap.)
595 3669 686 3721 Lamb.
701 3699 736 3707 -
753 3671 781 3719 in
797 3670 859 3720 Kal.
873 3671 967 3720 reiecta
981 3687 1026 3732 re,
1043 3688 1074 3722 ne
1090 3673 1182 3725 Gruev.

124 3755 187 3818 Em.
211 3764 273 3817 Sch.
310 3763 350 3829 (3)
376 3761 419 3813 Sic
440 3760 491 3810 llld.
515 3758 597 3827 Ncap.
621 3760 711 3826 antiq.
728 3756 795 3808 vict.
813 3760 838 3808 1.
852 3757 944 3810 anb.
960 3760 1056 3812 Bencd.
1074 3761 1135 3814 Sch.
1150 3793 1186 3806 .-

120 3858 268 3928 potuerunt
288 3851 356 3903 Vict.
371 3850 396 3902 2.
414 3849 506 3902 Gracr.
523 3848 586 3899 Em.
601 3877 634 3886 —
645 3852 772 3915 potuerat
789 3845 858 3898 Crat.
894 3848 934 3916 (l)
945 3849 1052 3899 -diem
1059 3854 1185 3917 promul-

122 3945 218 4012 gatum
235 3962 261 4010 q.
276 3960 302 4010 q.
319 3946 383 3992 essct
399 3959 452 3992 om.
468 3957 498 3990 ne
515 3938 583 3991 Crat.
620 3937 663 4008 (5)
678 3939 696 3988 i.
715 3955 738 3987 c.
758 3938 785 3986 in
794 3929 880 3987 medio
889 3937 1091 4006 relinquendum
1104 3952 1181 4011 atquc

123 4033 305 4103 ignorandum.
339 4031 383 4083 Sic
396 4031 446 4082 lld.
465 4029 544 4098 Neap.
565 4029 655 4096 Antiq.
672 4025 769 4076 Bened.
785 4028 1010 4094 -relinquendus
1027 4028 1095 4080 Crat.
1116 4032 1181 4084 l’icr.

123 4127 176 4177 let
190 4126 216 4176 2.
233 4121 324 4175 Lamb.
342 4121 436 4172 Graec.
451 4119 514 4170 Ern.
529 4116 592 4170 seh.
621 4115 661 4184 (6)
679 4113 720 4167 Sic
737 4117 935 4183 scripsi—quo
951 4135 1011 4168 cum
1026 4119 1074 4170 lin.
1088 4122 1138 4173 nd.
1149 4153 1180 4164 -

124 4233 201 4283 quom
209 4214 278 4266 Vict.
288 4212 443 4278 2.—quum
452 4208 519 4259 Vict.
533 4208 557 4258 1.
576 4199 669 4258 Grac'v.
686 4205 748 4258 Em.
765 4205 828 4258 seh.
838 4209 981 4274 *quando
994 4210 1076 4280 Neap.
1091 4215 1181 4281 Antiq.

125 4303 192 4356 Crat.
210 4301 306 4354 Lami).¹
320 4300 417 4352 Bencd.
453 4300 492 4370 (7)
512 4329 545 4337 -
562 4297 633 4364 quod
645 4297 693 4348 tibi
708 4313 735 4346 eo
752 4313 786 4346 m.
805 4296 897 4350 Lamb.
935 4299 974 4368 (8)
988 4302 1192 4362 -Patischumn

121 4395 175 4446 lld..
188 4394 256 4444 vici.
270 4397 284 4443 1
301 4403 324 4444 ct
340 4393 364 4442 2.
380 4391 464 4443 Gracr
