3012 5182
459 533 733 592 ΕΙῙΜὊΒΑ
784 535 895 590 ΧΠ.

537 633 582 699 (ad
601 631 672 682 Fam.
695 631 761 681 vtll.
779 631 816 696 7.)

531 816 822 884 argu-entare.

183 993 351 1090 Hortatur
381 1027 574 1097 Ciceronem,
606 1037 642 1084 ut
670 1045 687 1086 e
716 1027 873 1105 provincia
905 1025 1051 1087 decedere
1072 1028 1214 1105 festinet,

140 1134 227 1214 quod
247 1135 353 1192 timeat
369 1131 397 1189 ei
418 1128 531 1188 abello
552 1127 708 1202 Parthico,
730 1149 917 1210 quamquam
938 1130 1091 1192 audiverit
1111 1132 1213 1193 adhuc

139 1220 206 1298 reru
217 1237 418 1314 benogeatam
436 1231 466 1314 5.
487 1227 514 1292 1'.
555 1232 727 1294 Breviorem
748 1233 828 1294 hauc
846 1233 1009 1313 Epistulam
1022 1255 1057 1296 eo
1073 1247 1213 1308 excusat,

140 1339 225 1422 q'uod
245 1340 344 1420 pridie
360 1339 517 1420 scripserit
534 1337 676 1416 pluribus
694 1339 814 1410 verbis,
833 1357 891 1398 neo
911 1339 1024 1400 deiude
1042 1340 1213 1420 quidquam

139 1445 212 1504 novi
242 1442 409 1514 acciderit,
430 1449 550 1521 praeter
567 1439 721 1502 Cornificii
740 1453 770 1500 et
793 1441 951 1504 Orestillae
971 1441 1053 1504 filiae
1073 1445 1214 1520 nuptiae,

66 1539 69 1544 ¹
137 1547 261 1608 Paullae
281 1545 474 1622 divortium,
495 1543 614 1604 Ocellae
636 1545 789 1604 adulteria
810 1543 839 1626 5.
861 1543 890 1606 2.

177 1753 256 1812 llaec
285 1749 421 1831 Epistola
445 1751 559 1830 scripta
581 1760 626 1810 eat
644 1751 792 1831 poetridis
809 1773 903 1833 quam
923 1759 1081 1836 superior,
1103 1766 1138 1816 ut
1158 1775 1214 1836 ap-

99 1839 103 1848 *
138 1863 226 1936 paret
246 1874 282 1914 ex
300 1851 329 1934 5
350 1853 380 1914 2.
422 1853 677 1934 Utraqueautem
697 1856 998 1920 videturreferenda
1019 1859 1214 1922 adraensem

140 1961 292 2020 Martium.
334 1959 489 2036 Significat
520 1961 603 2019 enim
624 1959 728 2020 Cicero
748 1961 781 2018 in
798 1959 851 2039 Ep.
868 1959 926 2020 XX.
944 1960 974 2041 5.
996 1963 1024 2020 5.
1045 1981 1095 2037 aa,
1115 1982 1214 2042 quum

141 2065 183 2126 de
215 2063 316 2122 Ocella
341 2064 554 2141 comperisset,
577 2082 638 2121 una
657 2083 675 2122 a
695 2061 796 2124 Caelio
816 2064 968 2144 accepisse
987 2074 1055 2126 acta
1075 2065 1210 2128 urbana:

138 2167 188 2226 De
217 2165 331 2240 Ocella,
358 2168 480 2247 iuquit,
499 2179 612 2246 'praua
632 2167 673 2225 ad
692 2187 738 2225 me
748 2167 841 2246 plane
861 2170 1025 2248 scripseras
1042 2179 1071 2228 et
1083 2171 1119 2228 ira
1135 2172 1213 2228 actis

136 2290 200 2330 aon
220 2280 292 2329 erat.
334 2269 375 2330 Ea
400 2289 472 2330 vero
502 2280 569 2330 ncta
596 2269 636 2329 ad
665 2269 741 2330 Non.
770 2271 854 2333 llart.
874 2275 1059 2351 pertinuisse
1080 2274 1211 2352 legimus

136 2376 178 2437 ad
197 2375 260 2442 att.
280 2376 330 2436 vl.
351 2374 382 2435 2.
403 2373 432 2436 6.
473 2373 627 2434 Habebam
647 2384 715 2434 acta
735 2395 828 2454 aequa
848 2376 890 2435 ad
908 2375 1010 2438 Nonas
1031 2377 1165 2438 Martias.

442 2601 608 2687 Caunus
637 2601 824 2687 Crcsnonr
851 2606 891 2686 S.

193 2871 228 2940 1.
276 2871 386 2958 Quam
422 2870 490 2940 cito
523 2879 563 2937 tu
599 2868 698 2938 istinc
719 2867 884 2939 decedere
907 2871 1046 2964 cupias,
1070 2874 1203 2943 nescio:

141 3023 206 3094 ego
239 2999 377 3092 quidem
413 3020 452 3069 eo
477 2997 606 3090 magis,
639 3019 709 3088 quo
733 2994 847 3065 adhuc
869 2994 1001 3065 felicius
1024 3013 1101 3067 rest
1129 3022 1204 3092 ges-

138 3127 224 3199 sisti.
274 3123 365 3194 Dum
388 3124 463 3193 istio
485 3125 571 3214 eris,
609 3122 653 3193 de
673 3122 757 3193 belli
783 3122 931 3226 Parthici
953 3127 1108 3219 periculo
1130 3153 1203 3200 cru-

136 3255 273 3346 ciabor,
294 3277 338 3324 ne
355 3253 447 3323 hune
468 3253 574 3321 risum
594 3273 710 3322 meum
728 3262 840 3322 metus
862 3253 989 3347 aliqui²
1010 3257 1201 3347 perturbet.

187 3379 225 3451 2.
274 3380 444 3450 Breviores
467 3378 528 3450 has
561 3379 675 3449 literas
709 3379 907 3474 properanti
939 3379 1203 3472 publicanorum

137 3508 318 3578 tabellario
353 3507 467 3578 subito
504 3505 606 3576 dedi:
643 3518 703 3578 tuo
739 3505 864 3577 liberto
898 3505 1056 3600 pluribus
1090 3511 1203 3585 verbis

136 3641 281 3734 scriptas
300 3637 412 3733 pridie
435 3636 607 3708 dederam.
633 3636 700 3706 Res
722 3646 838 3706 autem
860 3657 965 3705 novae
984 3635 1101 3707 nullae
1123 3663 1203 3714 sane

135 3765 362 3854 acciderunt,
387 3763 451 3832 nisi
477 3762 561 3833 haec
585 3763 635 3831 vis
661 3760 725 3832 tibi
748 3761 873 3852 scribi,
898 3787 987 3856 quae
1010 3777 1103 3836 certe
1129 3770 1199 3840 vis:

132 3893 335 3966 Cornificius
370 3889 563 3960 adolescens
597 3887 774 3960 Orestillae
805 3889 939 3960 filiam³
964 3891 1029 3961 sibi
1052 3894 1200 3992 despon-

151 4053 372 4072 man—n·

138 4133 145 4156 '
178 4130 220 4197 (l)
240 4145 351 4210 mrem
373 4129 464 4181 Lamb.
488 4127 581 4180 Grner.
605 4128 668 4180 litu.
692 4128 753 4180 Sch.
798 4129 838 4197 (2)
858 4127 901 4180 Sic
927 4128 955 4180 h.
979 4128 998 4180 l.
1022 4141 1048 4182 et
1063 4099 1130 4184 inira
1145 4133 1195 4184 Μὰ.

132 4218 203 4270 Crat.
226 4219 293 4270 Vici.
315 4220 330 4269 1
352 4229 385 4270 ct'
399 4218 425 4268 2.
450 4215 545 4270 Graev-
567 4218 665 4270 Beued.
689 4216 751 4270 Sch.
775 4235 805 4262 =
834 4218 928 4284 aliquis
954 4218 1044 4270 Lamb.
1069 4221 1131 4273 llrn.
1151 4223 1196 4287 (-

129 4309 285 4374 mordent
300 4297 387 4378 Grati)
422 4311 463 4378 (3)
474 4309 698 4362 -adolesrentior
714 4314 751 4360 est
768 4311 825 4362 illae
833 4311 922 4378 filium
937 4310 987 4364 ild.
1036 4371 1038 4376 ,
1364 4295 1365 4298 ¹

1106 4407 1124 4464 4
