3012 5182
822 378 865 439 30

430 586 472 656 Si
508 589 593 680 quis
626 583 712 654 barrio
742 583 781 654 S.
816 583 857 654 C.
881 587 1191 675 intercessisses,
1223 586 1368 655 senatui

447 717 594 808 placere
628 717 882 784 auctoritatem
908 714 1096 806 perscribi
1130 726 1166 785 et
1200 717 1241 786 ile
1268 740 1312 786 ec
1332 742 1369 785 re

418 929 421 936 ι
453 845 502 914 od
524 851 688 912 serentum
709 845 952 935 populumque
977 844 1125 933 referri.

359 974 448 1044 Huic
484 971 518 1042 S.
558 970 596 1041 C.
634 970 824 1039 intercessit
858 967 897 1038 C.
933 968 1088 1059 Caelius,
1124 972 1162 1042 L.
1185 972 1336 1046 Vinicius
1347 989 1371 1066 ²,

313 1103 352 1174 P.
376 1099 571 1186 Cornelius,
595 1098 631 1169 C.
656 1096 774 1168 Vibius
796 1095 925 1184 Pansa,
952 1093 1117 1193 [tribuni
1130 1097 1220 1198 pl.].

363 1320 397 1392 7.
446 1319 539 1390 Item
575 1323 723 1387 senatui
756 1321 900 1410 placere
922 1318 965 1385 de
1000 1316 1206 1407 militibus,
1244 1321 1374 1410 quiin

316 1454 477 1521 exercitu
517 1447 558 1518 (l.
589 1446 760 1518 Caesaris
797 1456 885 1516 sunt
898 1459 929 1514 ³:
958 1449 1024 1538 qui
1047 1467 1169 1513 eorum
1192 1445 1375 1537 stipendio

317 1585 468 1650 emerito
491 1588 584 1646 out*
609 1599 762 1664 causes,
789 1573 923 1666 quibus
947 1573 990 1641 ele
1014 1576 1136 1641 ccusis
1159 1575 1265 1639 missi
1279 1571 1375 1664 fieri

315 1709 491 1798 debeant,
525 1705 701 1794 bobecnt,
737 1703 786 1772 od
816 1701 913 1771 bunc
949 1701 1110 1770 ordinem
1134 1679 1310 1793 ruerem,
1333 1713 1375 1772 ut

316 1860 438 1907 eorum
460 1838 557 1905 rctio
577 1831 755 1904 bobeotur
777 1854 976 1923 causaeque
996 1838 1268 1924 cognoscentur.

308 1938 313 1953 ’
434 1961 477 2033 Si
512 1965 596 2056 quis
631 1959 716 2029 buic
753 1958 790 2028 S.
819 1955 859 2028 C.
892 1961 1156 2028 intercessisset
1169 1970 1194 2050 ⁸,
1231 1963 1376 2028 senatui

454 2095 599 2184 plaeere
635 2093 888 2159 auctoritatem
922 2088 1107 2180 perscribi
1142 2088 1243 2159 etde
1270 2113 1314 2157 ec
1336 2113 1375 2157 re

459 2219 508 2288 od
531 2216 626 2288 bunc
651 2218 812 2286 ordinem
832 2219 972 2308 referri
982 2232 1007 2286 ⁷.
1240 2307 1243 2318 .

364 2347 452 2417 Huic
485 2343 520 2416 S.
554 2344 593 2415 C.
625 2345 812 2414 intercessit
849 2344 887 2415 C.
911 2345 1081 2434 Caelinst,
1103 2345 1141 2418 C.
1164 2345 1293 2438 Pansa,
1319 2348 1375 2417 tri·

313 2477 398 2549 buni
428 2474 478 2570 pl.

363 2692 399 2767 8.
451 2692 615 2787 Itemque
640 2698 787 2764 senatui
803 2697 951 2786 placere
974 2698 1017 2763 iu
1046 2691 1217 2765 Cilicium
1231 2701 1379 2788 provin.

317 2831 434 2915 oium,
458 2828 528 2892 int
565 2832 638 2892 octo
657 2824 822 2916 reliquus
846 2825 1076 2914 provincias,
1100 2847 1192 2917 quos
1195 2828 1379 2914 praetorii

308 2981 379 3050 pro
404 2961 576 3047 praetore
590 2959 617 2999 ¹⁰
649 2953 877 3044 obtinerent,
901 2976 981 3042 eos,
1006 2956 1073 3047 qui
1088 2961 1278 3044 praetores
1289 2955 1379 3044 sue·

315 3093 408 3154 runt
427 3105 543 3174 neque
568 3084 609 3149 in
635 3077 864 3171 provinciam
879 3088 903 3126 ¹¹
926 3103 1006 3148 cum
1026 3083 1177 3171 imperio
1187 3085 1377 3173 suerunt,

317 3233 404 3318 quos
437 3229 559 3278 eorum
595 3228 639 3276 ec
672 3205 708 3274 S.
746 3203 786 3274 0.
822 3229 899 3274 cum
932 3209 1083 3298 imperio
1107 3213 1148 3277 in
1165 3213 1378 3300 provincius

363 3449 404 3521 (1)
419 3449 465 3504 sic
481 3447 548 3500 cdd.
564 3446 627 3515 aliq.
646 3445 749 3515 (Dreed.
770 3449 796 3496 1.
822 3446 929 3512 norges.
953 3457 1024 3510 cen,
1043 3450 1089 3514 qui
1106 3464 1182 3516 saepe
1196 3447 1249 3502 nd.
1267 3450 1381 3518 scriptu-

317 3559 373 3596 rem
387 3541 523 3594 exhibent.
538 3539 560 3590 c
573 3537 625 3589 nd.
643 3539 698 3606 ipso
714 3534 782 3588 nihil
796 3546 913 3587 notetur:
930 3537 976 3588 sed
992 3538 1059 3588 infre
1080 3537 1122 3606 [(1.
1133 3539 1174 3607 7.]
1195 3549 1262 3592 reete
1278 3539 1380 3607 hebet.)

317 3626 694 3700 Beng.-intercssserit0ett.
714 3626 755 3695 (2)
765 3654 800 3667 -
810 3626 931 3678 Vicimus
946 3627 997 3678 Md.
1011 3627 1093 3698 Neap.
1112 3629 1201 3699 Antiq.
1210 3629 1280 3682 Crat.
1289 3628 1379 3682 Vict.1

317 3732 344 3775 et
365 3721 391 3772 2.
410 3718 501 3770 Lamb.
538 3718 577 3786 (3)
596 3717 701 3766 -sint
718 3716 781 3768 Em.
799 3714 913 3786 68011.
949 3717 988 3784 (4)
1007 3746 1042 3758 -
1056 3719 1109 3770 del.
1126 3723 1175 3770 out
1189 3718 1271 3788 Neap.
1290 3719 1379 3789 Aneiq.

319 3811 388 3864 Crat.
404 3808 495 3861 Lamb.
516 3806 707 3877 (5)—rrserre
721 3805 772 3856 nd.
789 3801 859 3857 Cret.
879 3805 946 3856 vie.
966 3808 989 3858 1.
1019 3807 1058 3875 (6)
1078 3807 1121 3860 Sic
1133 3809 1184 3860 nd.
1200 3810 1270 3862 Crat.
1287 3809 1379 3862 vieni

318 3911 345 3954 et
359 3901 384 3953 2.
399 3898 717 3952 becci-intercesserit
728 3897 824 3950 Lamb.
834 3897 926 3950 Graes.
945 3900 1007 3950 Ern.
1022 3898 1084 3951 sch.
1113 3901 1152 3970 (7)
1171 3901 1215 3953 Sic
1229 3901 1297 3954 Vici.
1313 3903 1337 3954 2.
1347 3931 1396 3942 -κ

318 3995 344 4046 et
362 3991 392 4042 ele
413 4005 443 4040 ec
462 3988 594 4055 republica
610 3988 693 4038 adbuc
707 3990 823 4040 ordinem
838 3989 932 4054 referri
944 3989 995 4040 Md.
1009 4018 1043 4031 ·-
1064 3993 1090 4038 et
1103 3990 1132 4040 de
1146 4006 1176 4041 eo
1191 4007 1218 4041 re
1228 3991 1329 4058 plaeere
1345 3993 1381 4043 cd

314 4081 382 4132 bunc
396 4079 513 4131 ordinem
526 4078 620 4143 referri
633 4075 702 4129 Crat.
719 4077 786 4128 Vici.
796 4080 819 4128 1.
830 4078 910 4146 Beng.
926 4078 1023 4128 Bened.
1037 4083 1103 4131 -et
1117 4079 1147 4129 de
1159 4095 1189 4130 ec
1205 4096 1232 4130 re
1249 4079 1285 4130 ad
1299 4097 1378 4132 eena-

319 4173 376 4223 tum
385 4168 563 4236 populumque
578 4165 674 4230 referri
682 4166 773 4218 Lamb.
792 4165 886 4218 Graes.
894 4167 957 4217 Ern.
969 4165 1031 4218 soh.
1052 4167 1091 4236 (8)
1103 4167 1150 4219 Hic
1158 4179 1183 4220 et
1191 4187 1270 4239 supra
1282 4169 1324 4238 [b.
1334 4171 1374 4238 6.]

313 4278 367 4312 om.
382 4274 541 4328 praenomen
561 4257 590 4308 0.
607 4255 658 4308 nd.
676 4255 743 4307 Vici.
762 4256 803 4320 1.;
822 4258 895 4307 tertio
911 4255 967 4306 loco
986 4255 1076 4324 [§.8.]
1088 4257 1193 4310 hebent.
1214 4259 1386 4328 (9)-inque

314 4350 397 4420 Neep.
412 4347 504 4400 Lemb·
513 4350 579 4398 -et
594 4347 623 4396 in
629 4345 699 4398 Cret.
728 4345 785 4416 (10)
796 4363 831 4396 ω
837 4362 887 4413 pro
894 4347 1063 4413 praetoribus
1078 4348 1121 4399 hic
1136 4350 1173 4416 (et
1188 4350 1266 4417 intra)
1276 4349 1379 4403 volebat

317 4441 430 4494 Gronov.
465 4439 524 4508 (11)
539 4436 583 4492 sie
599 4437 650 4490 bid.
671 4436 735 4488 vie.
753 4437 778 4488 2.
796 4456 830 4490 cx·
846 4439 873 4487 in
886 4439 1024 4504 provincio
1039 4437 1104 4490 Ceti.
