3034 5166
481 629 752 689 Ermum
803 628 911 686 ffl'.

564 726 608 793 (ad
625 727 696 778 lem.
714 725 784 777 Vlll.
801 725 855 792 12.)

551 865 846 982 meu-cneum.

203 1084 365 1207 Queritur
389 1121 507 1182 Caelica
535 1121 574 1182 de
599 1121 692 1202 Appii
719 1122 856 1200 Claudii,
887 1124 941 1202 qui
968 1141 1040 1182 curu
1065 1121 1096 1181 L.
1122 1121 1229 1182 l'laoue

148 1241 324 1284 censuram
352 1223 493 1302 gerebat,
524 1243 588 1285 uon
615 1226 735 1304 ingrato
763 1226 864 1288 oolam
892 1227 1009 1298 animo,
1040 1224 1094 1286 aed
1121 1224 1234 1303 pavie

163 1328 242 1388 eima
276 1327 367 1386 etiam
402 1328 517 1388 iniuria
553 1326 583 1408 5.
617 1328 645 1389 1.
674 1337 839 1410 narratque
873 1347 922 1403 ee,
960 1347 1058 1410 qunnr
1095 1327 1235 1388 reconoi-

154 1429 237 1500 liare
254 1412 258 1420 ’
274 1429 336 1489 eibi
368 1430 462 1491 vellet
497 1433 564 1493 eina
598 1435 745 1512 qratiam,
775 1435 974 1514 comperiam,
1004 1429 1139 1512 Appium
1168 1447 1233 1490 ecee

161 1533 223 1594 cibi
255 1535 417 1594 inimicum
446 1544 477 1596 et
506 1535 541 1596 id
570 1537 673 1596 moliri
701 1547 737 1597 ut
767 1545 955 1596 accusatores
980 1535 1040 1595 eibi
1070 1541 1239 1614 apponeret·

153 1635 189 1718 5.
220 1635 249 1696 2.
291 1637 377 1713 Quod
403 1658 501 1719 quum
528 1659 637 1719 parum
665 1639 858 1720 procederet,
888 1639 1012 1700 nuntiat
1041 1657 1071 1698 re
1097 1636 1231 1717 Appium

161 1743 357 1802 antevertiere
393 1753 424 1802 at
461 1743 529 1821 loge
559 1745 714 1806 Scantinia
742 1744 930 1824 portulacae,
961 1742 1147 1822 approbante
1176 1759 1233 1821 po-

163 1844 238 1922 pulo
258 1843 288 1924 5.
309 1845 339 1906 3.
535 1919 541 1931 ,

206 1948 288 2022 Quae
314 1947 424 2010 deinde
452 1959 626 2030 aequantur
648 1950 681 2032 5.
706 1949 734 2012 4.
762 1949 906 2010 videntur
932 1948 1027 2010 fuine
1056 1949 1169 2026 acripta
1200 1950 1233 2008 in
1327 1945 1330 1952 ’

165 2050 278 2110 echeria
315 2051 477 2130 singulari,
508 2053 609 2114 eidem
635 2063 737 2113 tamen
767 2051 879 2114 tradita
908 2070 1011 2129 nervo,
1043 2054 1118 2130 qui,
1145 2070 1234 2111 acce-

162 2156 225 2234 ptie
255 2155 407 2234 prioribus
437 2157 555 2230 literia,
576 2157 694 2217 diutina
721 2159 754 2216 iu
786 2155 864 2216 urbe
893 2155 989 2215 fuerit
1012 2162 1155 2215 moratae.
1198 2155 1235 2215 ln

149 2257 211 2317 ·hie
241 2257 376 2331 Caelina,
407 2260 446 2320 de
473 2278 559 2321 mora
586 2262 666 2322 cervi
695 2268 839 2340 φιοοιυο,
868 2251 950 2318 nihil
976 2259 1049 2320 novi
1071 2277 1136 2320 eree
1154 2262 1232 2320 aori-

161 2361 226 2434 bit,
266 2370 480 2442 praeterquam
517 2365 601 2444 quod
638 2365 805 2440 Domitius,
836 2371 1020 2442 auguratum
1046 2375 1168 2442 petere,
1199 2367 1233 2426 in

163 2467 273 2528 timore
300 2468 340 2526 ait
364 2486 405 2527 ne
426 2467 580 2549 repulsam
600 2468 696 2548 ferat5
719 2467 752 2528 id
772 2467 854 2547 qnod
875 2465 989 2528 accidit
1008 2465 1064 2548 (Cf.
1085 2467 1139 2548 llp.
1155 2466 1232 2548 eeq.)

159 2569 299 2649 lienique
337 2587 370 2630 ee
402 2569 576 2632 Ciceronem
616 2579 789 2651 exspectare
829 2572 872 2630 ait
909 2578 1001 2649 atquc
1034 2590 1104 2631 eum
1138 2591 1233 2652 qnam

150 2665 297 2751 'primum
318 2673 422 2741 videre
442 2659 578 2754 cupere

204 2879 288 2940 l’rior
317 2900 388 2960 para
415 2881 566 2962 Epistolac
594 2837 709 2960 ocripta
738 2887 784 2940 cot
811 2877 907 2939 finitio
933 2878 1016 2940 ludia
1040 2880 1232 2942 Circensibus

164 2981 215 3064 (cf.
252 2983 282 3064 5.
309 2984 351 3066 3.)
384 2988 404 3045 i.
437 3006 462 3046 e.
494 2994 562 3066 poet
589 3005 653 3046 xm.
681 2983 747 3044 Kal.
776 2981 929 3052 Octobres.
959 3013 1000 3030 ·-
1028 2983 1132 3048 Altera
1162 3007 1232 3068 perr

164 3088 365 3169 quodraginta
388 3089 492 3149 dicho:
512 3097 598 3169 poat3
621 3090 647 3148 ei
667 3088 759 3150 lectio
780 3107 854 3148 vera
871 3089 912 3147 ait
932 3086 962 3169 5.
984 3090 1014 3152 4.
1171 3098 1173 3106 ’

458 3290 623 3374 Cluuius
652 3287 840 3372 &ennom
866 3288 906 3368 S.

218 3525 250 3594 1.
302 3524 413 3595 Pudet
445 3549 500 3596 ine
532 3524 597 3596 tibi
634 3524 787 3596 confiteri
824 3535 860 3592 ct
893 3525 990 3617 queri
1024 3523 1069 3592 de
1101 3521 1227 3618 Appii,

167 3653 314 3722 hominis
346 3652 581 3746 ingratissimi,
615 3652 769 3742 iniuriis,
792 3652 874 3746 'qui
908 3673 963 3721 mc
995 3629 1126 3742 odi‘ssc,
1150 3653 1230 3748 qnia

163 3751 289 3872 'magna
326 3779 411 3846 mihi
446 3779 596 3850 debebat
629 3777 816 3867 beneficia,
851 3780 985 3872 coepit:
1013 3757 1081 3866 et,
1112 3802 1227 3872 ¹quum

167 3906 271 3975 homo
315 3927 457 3991 avenis,
507 3917 546 3974 nt
580 3927 619 3975 ea
653 3905 821 3996 solveret,
858 3905 923 3974 sibi
959 3904 1126 3997 imperare
1160 3929 1228 3975 non

153 4044 303 4128 posset,
339 4031 512 4124 oecultum
543 4033 675 4104 bellum
698 4033 782 4104 mihi
806 4032 949 4102 indixit:
983 4033 1031 4104 ita
1054 4033 1228 4103 occultum

166 4169 307 4248 tamen,
351 4169 391 4227 ut
429 4157 530 4228 multi
563 4159 646 4258 mihi
692 4161 925 4232 renuntiarent
959 4171 994 4230 et
1028 4162 1099 4254 ipsc
1132 4157 1228 4226 facile

166 4283 467 4356 animadverterem
503 4285 591 4356 male
625 4311 703 4358 cum
737 4287 780 4358 de
811 4311 866 4358 mc
891 4288 1048 4380 cogitare.
1099 4283 1225 4352 Postea·
1330 4385 1332 4392 ,
