2978 5186
844 409 906 470 156

338 620 455 678 utinam
485 618 619 682 Coelium
651 620 739 678 nobis
760 627 858 678 totum
882 619 1042 677 restituere
1066 618 1231 695 potuisset!
1284 615 1401 678 Nullius

337 725 482 804 epistolae
507 725 611 796 nobis,
637 726 662 784 si
683 725 750 783 illas
777 725 909 801 integras
932 722 1128 795 haberemus,
1147 723 1287 782 utiliores
1304 723 1397 782 forent

337 841 428 908 atque
448 829 651 888 iucundiores.
693 828 778 887 Certe
794 828 833 886 ad
848 821 1086 906 eopttmcendnm
1102 821 1260 887 historiam
1277 828 1395 887 illorum

336 946 523 1013 temporum,
541 934 579 992 ad
600 936 748 993 rationem
767 932 972 1008 iudiciorum,
992 944 1022 993 et
1040 934 1233 993 comitiorum
1262 933 1396 994 aliarum·

335 1060 395 1119 que
415 1058 516 1098 rerum
535 1041 667 1118 penitius
685 1037 925 1117 perspiciendam
945 1037 1029 1096 bunc
1046 1037 1227 1096 haberemus
1244 1039 1394 1116 egregium

334 1143 460 1202 lontem.
502 1145 544 1202 Ao
562 1145 685 1216 nescio,
711 1163 749 1202 an
779 1143 853 1201 haec
869 1144 935 1220 ipsa
951 1142 1068 1220 utilitas
1084 1151 1113 1202 et
1133 1143 1320 1221 praestantia
1339 1143 1394 1201 illis

335 1249 468 1326 epistolis
488 1247 589 1308 fraudi
617 1248 719 1307 luerit.
762 1247 837 1307 Cum
859 1251 951 1330 ‘enim
978 1267 1047 1326 pars
1075 1265 1179 1306 earum
1210 1245 1298 1305 utilis
1324 1256 1392 1306 esset

334 1355 456 1432 pueris,
474 1371 542 1432 pars
563 1351 631 1412 aliis
648 1371 740 1431 quam
761 1352 902 1431 plurimis
917 1353 1069 1433 iucunda3
1091 1353 1206 1414 iactum
1223 1370 1289 1410 esse
1303 1352 1394 1430 suspi-

334 1477 457 1532 camur,
483 1466 518 1517 ut
547 1460 645 1536 primo
672 1459 733 1517 iam
755 1457 859 1518 seculo
884 1477 905 1517 a
927 1459 1030 1538 pneris
1057 1458 1282 1518 exercitationis
1310 1475 1391 1515 eausa

332 1563 592 1634 describerentur,
622 1573 676 1622 aut
708 1565 740 1621 in
777 1563 886 1622 borum
917 1563 1108 1644 aliorumque
1140 1581 1212 1622 usus
1240 1571 1391 1640 excerptae

334 1669 475 1747 varieque
500 1667 661 1747 dispositae
685 1677 715 1726 et
733 1668 890 1727 ordinatae
907 1668 1165 1747 perturbarent-ur.
1184 1665 1236 1747 (cl.
1257 1685 1335 1745 quae
1353 1665 1390 1724 ot.

331 1771 483 1832 Benedict.
498 1773 591 1851 praef.
607 1772 645 1831 ad
664 1774 694 1831 L.
713 1772 792 1831 vlll.
811 1769 969 1852 disputat.)
1000 1772 1178 1852 Insequenti
1194 1771 1315 1842 seculo,
1326 1789 1389 1828 cum

331 1887 592 1957 promereamus,
612 1897 687 1957 quas
705 1876 826 1936 facilius
846 1887 891 1936 est
913 1877 1095 1955 cogitatione
1112 1877 1276 1956 consequi,
1299 1895 1385 1956 quam

330 1983 436 2059 paucis
456 1981 634 2057 edisserere,
655 1984 756 2041 minus
772 1982 925 2042 iucundae
946 1963 984 2040 et'
994 1980 1085 2040 utiles
1109 1981 1203 2040 videri
1213 1983 1385 2060 coepissent,

330 2099 495 2164 coeperunt
515 2107 550 2146 eo
572 2090 668 2166 magis
688 2087 803 2164 negligi
825 2099 855 2147 et
876 2087 1050 2157 contemni,
1068 2106 1129 2165 quo
1145 2089 1240 2165 magis
1260 2089 1387 2146 iamante

329 2193 445 2271 optimo
473 2194 599 2252 consilio
627 2194 820 2272 perturbatae
847 2195 992 2271 varieque
1021 2195 1244 2251 contaminatae
1265 2193 1385 2251 fuerant.
1468 2243 1469 2250 ,

330 2295 408 2356 llaec
436 2299 462 2354 si
489 2317 559 2356 vera
588 2308 679 2372 sunt,
707 2310 742 2357 ut
762 2299 875 2357 infiniti
896 2314 1023 2356 numero
1043 2295 1240 2356 conferantur
1259 2297 1384 2366 codices,

330 2419 454 2470 vereor,
472 2412 507 2458 ut
541 2421 696 2480 unquam,
715 2403 774 2482 ‘rel
792 2403 1032 2480 pertinacissimo
1049 2401 1150 2460 studio
1171 2412 1201 2460 et
1217 2401 1336 2477 labore,
1353 2400 1386 2459 ad

333 2506 538 2582 integritatem
578 2525 662 2565 suam
704 2521 895 2567 revocentur.
945 2509 1003 2566 Nos
1031 2507 1156 2586 quidem
1184 2518 1330 2586 quantum
1359 2507 1385 2563 ia

330 2629 435 2668 earum
466 2614 644 2671 tractatione
671 2613 783 2672 laboris
806 2614 1052 2684 exhatrserimus,
1075 2631 1169 2691 prope
1183 2612 1281 2691 pudet
1298 2611 1385 2670 fateri.

326 2713 463 2774 Profecto
489 2717 548 2775 nisi
573 2736 640 2796 spes
671 2718 799 2794 fuisset,
826 2737 881 2778 nos
903 2720 935 2776 in
966 2719 1103 2795 regiones
1135 2719 1318 2778 amoeniores
1336 2715 1383 2774 ali·

325 2817 447 2897 quando
472 2818 608 2880 delatum
638 2824 694 2893 iri,
724 2825 860 2882 animum
880 2833 1017 2882 nostrum
1040 2824 1071 2880 in
1090 2824 1137 2880 his
1153 2823 1246 2880 tantis
1264 2820 1383 2880 tenebris

323 2923 459 3005 locisque
477 2925 662 2985 salebraruru
685 2939 745 2986 tam
764 2927 861 3006 plenis
882 2927 1162 3006 despondissemus,
1183 2937 1213 2984 et
1239 2946 1298 2985 una
1316 2943 1379 2982 cum

324 3026 424 3087 Coelio
447 3029 608 3088 consilium
642 3031 751 3102 edendi
783 3032 876 3090 huius
896 3032 994 3110 operis
1013 3032 1044 3088 in
1064 3031 1165 3089 medio
1183 3029 1286 3090 labore
1306 3029 1381 3087 abie-
1466 3051 1467 3090 ι

324 3134 479 3192 oissemus.
522 3135 586 3209 Quo
604 3142 761 3214 aequiores
780 3137 959 3195 babebimus
976 3136 1109 3195 iudices:
1128 3134 1242 3214 quibus
1253 3136 1278 3192 si
1289 3134 1379 3191 miuus

323 3236 575 3313 satisfecerimus,
602 3241 681 3299 illud
709 3261 764 3300 nos
789 3241 1016 3317 consolabitur,
1047 3241 1130 3321 quod
1157 3239 1306 3298 nobismet
1327 3238 1379 3315 ipsi

322 3343 515 3420 paucissimis
536 3345 568 3402 iu
589 3344 663 3404 loeis
682 3346 854 3406 satisfacere
871 3347 1034 3426 potuimus.

360 3477 401 3536 Io.
420 3477 484 3536 Car.
501 3478 549 3538 Fa.
572 3479 703 3554 Wrrzes,
723 3480 763 3538 M.
780 3480 872 3539 Tullii
891 3478 1043 3539 Ciceronis
1062 3477 1216 3557 Epictetus
1233 3480 1272 3538 ad
1289 3477 1344 3538 Di·

383 3601 489 3640 versos.
533 3581 712 3656 Recensrtit,
741 3587 805 3642 vitu
832 3582 985 3643 Ciceronis
1004 3584 1191 3663 praemissu,
1207 3584 1323 3664 praesc·

403 3687 482 3742 tione
520 3687 649 3767 siugulis
680 3689 767 3747 libris
787 3691 1009 3768 praeparem·-
1039 3689 1211 3748 illustravit.
1253 3687 1306 3770 (Li-

518 3793 607 3868 gnitii
626 3790 727 3874 1794.)
747 3794 872 3854 Praefat.
895 3795 932 3853 ad
954 3795 984 3853 L.
1008 3794 1046 3852 ll.
1068 3815 1097 3872 p.
1120 3793 1170 3853 92.

361 3905 448 3980 Quali
475 3907 599 3964 omnino
629 3905 782 3966 scribendi
811 3925 920 3984 genere
951 3908 991 3966 eit
1017 3923 1106 3976 usus,
1129 3905 1203 3964 satis
1223 3903 1375 3965 ostendunt

320 4009 393 4068 libri
414 4009 483 4070 Vlll
505 4010 648 4088 epistolae
664 4029 783 4087 omnes,
798 4023 828 4070 et
845 4012 1026 4070 confirmant
1044 4010 1137 4069 Taciti
1158 4019 1187 4068 et
1207 4008 1375 4084 Quintiliani

321 4115 512 4190 testimonia,
541 4117 595 4194 qui
621 4115 725 4174 sordes
745 4116 924 4190 verborum,
957 4117 1093 4174 hiantem
1114 4116 1355 4193 compositionem
1367 4154 1376 4183 ,

318 4217 491 4286 inconditos
520 4237 624 4277 sensus
651 4221 863 4300 antiquitatem
896 4219 1084 4294 redolentes,
1103 4218 1262 4278 horridum
1281 4228 1308 4278 et
1325 4217 1374 4273 im·

222 4349 226 4359 ·
316 4325 468 4405 politum,
493 4323 571 4384 rude
593 4331 623 4381 et
655 4323 800 4395 informe,
831 4323 1064 4383 amaritudinem
1091 4333 1121 4382 et
1141 4325 1326 4401 asperitatem
1342 4319 1372 4375 in

315 4451 350 4491 eo
365 4430 601 4510 reprehendunt.
642 4428 717 4488 llinc
737 4439 767 4488 et
787 4427 825 4487 ab
846 4427 994 4491 lladriano
1008 4429 1194 4508 Imperatore
1217 4428 1320 4520 iudicii
1336 4423 1370 4482 dc
