3034 5166
711 369 716 378 ·
779 331 844 391 104

290 555 378 613 saepe
408 538 502 595 nimio
531 539 634 616 copia,
667 537 768 614 inopia
798 537 889 593 etiam
920 551 1141 611 nonnunquam
1174 534 1394 612 impeditus„

290 638 367 710 lroc,
388 640 535 720 quicquid
555 647 618 711 est,
638 639 721 718 quod
741 655 797 698 nos
817 636 947 698 facimus
965 637 999 694 in
1019 636 1169 712 dicendo,
1189 655 1251 696 non
1267 637 1367 697 ruodo

291 742 425 820 agendo,
444 762 551 802 verum
569 745 661 803 etiam
679 741 841 821 cogitando
859 742 953 821 possit
972 742 1130 801 sustinere.

331 842 370 924 (o.
389 844 448 920 22,
468 843 532 925 53.)
572 847 696 906 Possum
727 817 829 904 dicere
859 863 958 903 mores
978 844 1014 904 ll.
1035 845 1128 904 Caelii
1149 843 1326 921 longissime
1344 863 1367 903 a

292 947 369 1003 tanti
379 947 502 1005 sceleris
512 950 670 1008 atrocitate
680 965 743 1008 esse
751 947 934 1008 disiunctosr
946 949 1073 1007 minime
1082 965 1147 1008 esse
1156 947 1363 1021 credendum,

292 1048 410 1106 homini
428 1059 491 1108 tam
510 1053 666 1127 ingenioso
682 1060 806 1129 tamque
815 1049 960 1128 prudenti
971 1069 1033 1109 non
1044 1051 1161 1109 venisse
1170 1051 1204 1108 in
1224 1059 1360 1108 mentem

291 1169 356 1211 rem
377 1154 453 1211 tanti
471 1153 594 1212 sceleris
608 1155 720 1230 ignotis
738 1153 908 1234 alienisque
917 1154 1011 1214 servis
1021 1173 1082 1214 non
1092 1173 1156 1213 esse
1166 1152 1361 1212 credendum.

334 1251 375 1335 (c.
396 1255 454 1332 30,
475 1256 524 1317 72.
545 1255 621 1338 seq.)
662 1257 754 1316 Caelii
772 1259 869 1336 prima
887 1266 968 1316 aetas
989 1256 1092 1316 dedita
1110 1256 1285 1334 disciplinis
1299 1254 1362 1314 fuit

294 1358 394 1437 iisque
410 1360 546 1434 artibus,
563 1361 688 1440 ¹quibus
709 1362 892 1420 instruimur
914 1361 953 1420 ad
976 1361 1059 1420 hunc
1079 1377 1169 1420 nsum
1189 1359 1362 1431 forensem,

293 1460 333 1519 ad
353 1465 566 1541 capessendam
587 1484 650 1524 rem
671 1465 847 1544 publicam,
868 1465 907 1523 nd
918 1465 1081 1534 honorem,
1101 1461 1247 1539 gloriam,
1264 1460 1364 1538 digni·

295 1573 406 1625 tatem:
441 1568 479 1624 iis
508 1577 609 1625 autem
633 1569 781 1627 amicitiis
809 1567 961 1627 maiorum
982 1543 1077 1638 natu,
1097 1585 1229 1644 quornm
1248 1564 1364 1622 imitari

297 1665 480 1726 industriam
518 1671 800 1748 continentiamque
827 1671 959 1728 maxime
985 1669 1080 1739 velit,
1118 1670 1156 1726 iis
1184 1667 1363 1747 aequalium

298 1771 428 1842 studiis,
448 1781 484 1830 nt
500 1772 650 1846 eundem,
669 1793 763 1853 quem
779 1774 887 1851 optimi
908 1790 943 1830 ao
961 1771 1148 1842 nobilisimi,
1169 1780 1274 1847 petere
1288 1787 1365 1829 cur*

294 1875 364 1933 suin
392 1875 493 1934 laudis
522 1876 686 1936 videretur.
728 1877 828 1951 Quum
859 1885 961 1936 autem
989 1873 1129 1952 paullum
1157 1874 1219 1932 iam
1245 1873 1363 1934 roboris

296 1979 469 2040 accessisset
491 1982 600 2056 aetati,
620 1982 654 2038 in
681 1979 816 2039 Africam
839 1978 994 2058 profectus
1014 1989 1074 2051 est,
1099 1974 1123 2052 Q
1143 1976 1286 2055 Pompeio
1305 1977 1365 2054 pru

295 2084 421 2143 concula
454 2083 699 2154 contubernalis,
733 2085 901 2142 castissimo
930 2083 995 2141 viro
1026 2090 1118 2157 atque
1144 2081 1245 2138 omnis
1270 2079 1365 2140 officii

298 2177 550 2262 diligentissim03
572 2187 605 2243 in
627 2204 688 2262 qun
708 2186 863 2263 provincia
890 2203 987 2263 quum
1013 2193 1061 2242 res
1081 2190 1145 2242 erat
1165 2192 1195 2240 et
1215 2183 1364 2259 possessi·

297 2305 369 2347 ones
389 2296 549 2366 paternae,
573 2288 748 2346 tumetium
767 2306 840 2346 usus
856 2288 982 2367 quidam
1002 2285 1198 2366 provincialis
1218 2304 1280 2344 non
1299 2287 1369 2345 sine

298 2408 390 2449 cansa
411 2389 611 2449 amatoribus
631 2389 705 2448 huic
726 2392 815 2448 aetati
831 2390 976 2450 tributus.
1016 2389 1158 2449 Discessit
1177 2388 1266 2447 illinc
1281 2389 1372 2450 Pom·

291 2495 360 2572 ¹poii
380 2487 496 2552 indicio
515 2492 765 2571 probatissimus,
796 2500 830 2550 nt
851 2494 947 2571 ipsius
967 2493 1140 2552 testimonio
1168 2492 1369 2569 cognoscetis·

296 2596 400 2656 Voluit
424 2604 526 2656 vetere
556 2597 716 2666 instituto,
744 2613 849 2654 eorum
870 2596 1108 2655 adolescentium
1131 2595 1291 2673 exemplo,
1309 2598 1368 2676 qui

299 2707 368 2777 post
399 2701 431 2757 in
462 2700 586 2757 civitate
616 2699 728 2756 summi
749 2699 807 2756 viri
829 2712 859 2757 et
880 2697 1041 2757 clarissimi
1059 2699 1142 2758 cives
1162 2702 1368 2774 exstiterunt,

297 2803 479 2863 industriam
499 2823 585 2862 suam
607 2822 624 2862 a
643 2802 759 2882 populo
778 2802 912 2863 Romano
932 2821 969 2861 ex
990 2802 1093 2882 aliqmt
1113 2802 1228 2862 illustri
1238 2821 1368 2863 aecusa-

300 2909 383 2966 tione
415 2909 565 2985 cognosci.
607 2907 721 2966 l'cllem
752 2906 812 2965 alio
840 2908 941 2984 potius
971 2925 1041 2965 enm
1071 2905 1225 2984 cupiditas
1250 2905 1368 2984 gloriae

300 3012 479 3071 detulisset!
500 3011 553 3068 sed
574 3011 649 3067 abiit
669 3010 761 3069 huius
778 3019 897 3088 tempus
917 3010 1067 3087 querelae.
1088 3007 1251 3069 Accusavit
1261 3010 1291 3069 C.
1302 3011 1370 3069 An·

247 3169 252 3181 ,
300 3116 430 3187 mnium,
447 3113 593 3189 collegam
610 3131 722 3188 menm3
741 3113 792 3170 cui
810 3113 919 3171 misero
932 3112 1081 3189 praeclari
1091 3114 1123 3173 in
1133 3132 1197 3173 rem
1209 3114 1370 3192 publicam

302 3217 444 3276 beneficii
462 3217 606 3274 memoria
624 3214 702 3271 nihil
724 3215 859 3291 profuit,
879 3216 984 3288 nocuit
1003 3218 1107 3294 opinio
1124 3217 1268 3276 maleficii
1285 3220 1368 3294 cogi·

301 3323 366 3381 tati.
388 3322 492 3381 Postea
502 3320 617 3379 nemini
627 3337 761 3396 nrrqnam
773 3319 920 3377 concessit
930 3320 1116 3398 aequalium,
1125 3320 1195 3399 plus
1206 3321 1280 3378 utin
1290 3320 1370 3396 foro,

300 3427 372 3504 plus
390 3426 477 3484 utin
498 3424 627 3502 negotiis
647 3431 817 3498 versaretur
833 3426 994 3501 causisque
1021 3426 1207 3495 amicorum,
1235 3423 1307 3502 plus
1331 3435 1371 3484 nt

297 3528 419 3586 valeret
438 3527 519 3586 inter
538 3543 607 3584 suos
627 3525 734 3600 qratia.
774 3525 856 3599 Quae
876 3526 935 3582 nisi
957 3525 1118 3602 vigilantes
1136 3526 1292 3602 homines,
1307 3529 1370 3588 nisi

305 3628 419 3698 sobrii,
438 3628 498 3684 nisi
520 3627 663 3685 industrii
685 3609 830 3707 consequi
850 3647 910 3687 non
931 3638 1075 3707 possunt,
1094 3631 1196 3690 omnia
1215 3631 1319 3691 labore
1336 3641 1370 3690 et

304 3731 465 3807 diligentia
492 3738 537 3788 cst
567 3739 759 3790 consecutus.
799 3731 835 3790 In
856 3731 914 3791 hoc
934 3730 1017 3790 flexu
1034 3733 1121 3810 quasi
1142 3735 1249 3792 aetatis
1276 3731 1371 3813 (nihil

307 3836 388 3892 enim
407 3833 587 3903 occultabo,
607 3833 703 3892 fretus
722 3834 913 3893 humanitate
934 3853 968 3893 ac
989 3834 1137 3911 sapientia
1156 3833 1373 3916 vestra),fama

308 3937 507 3997 adolescentis
534 3937 673 4014 paullum
693 3937 790 3995 haesit
810 3935 849 3994 ad
870 3945 965 3993 metas
983 3935 1094 3997 notitia
1112 3956 1190 3998 nova
1211 3939 1373 4014 mulieris,

308 4047 338 4098 et
364 4037 481 4097 infelici
510 4039 668 4098 vicinitate
698 4047 729 4097 et
757 4038 918 4097 insolentia
939 4037 1148 4118 voluptatum3
1172 4061 1252 4120 quae
1272 4063 1374 4121 quum

310 4142 446 4200 inclusae
473 4140 590 4200 diutius
616 4151 646 4200 et
676 4143 775 4218 prima
803 4149 900 4199 aetate
928 4159 1114 4219 compressae
1134 4152 1164 4202 et
1190 4147 1377 4207 constrictae

310 4246 456 4314 lrrrrnnt,
482 4241 585 4300 subito
611 4259 642 4300 se
672 4261 893 4321 nonnunquam
920 4241 1112 4319 profundunt
1131 4253 1223 4324 atqua
1243 4249 1378 4310 eliciunt
