3034 5166
536 397 541 420 ¹
654 408 716 468 109

546 609 634 685 lnu,
655 607 751 668 Germ.
772 608 803 666 G.

502 712 536 768 dc
558 709 658 769 Coelio
679 721 707 768 el
729 709 862 790 Quintio.

252 839 373 898 Caelina
394 836 589 908 Aufilenum,
611 844 641 895 et
661 836 803 910 Quintius
825 830 993 891 Aufilenam
1004 876 1013 906 ,

294 941 361 1002 Floo
381 941 600 1002 veronensium
621 939 789 1018 depereunt
810 940 973 1011 iuvenum,

253 1043 307 1102 llic
318 1043 459 1119 fratrem,
468 1043 522 1102 ille
532 1062 673 1102 sororem.
695 1042 756 1100 lloe
767 1049 812 1098 eat
822 1084 831 1113 ,
843 1038 926 1118 quod
935 1037 1052 1096 dicitur
1059 1081 1068 1113 ,
1078 1037 1159 1099 illud

295 1147 473 1207 Fraternum
494 1165 565 1205 vere
585 1145 677 1205 dulce
697 1143 884 1202 sodalitium.

255 1250 331 1322 Quoi
350 1249 470 1308 foveam
490 1249 615 1327 potine?
644 1246 742 1318 Caeli,
763 1246 834 1305 tibi:
856 1263 927 1303 narn
948 1251 1002 1303 tua
1021 1244 1109 1303 nobie
1177 1273 1187 1280 -

295 1351 454 1430 Perspecto
475 1354 571 1429 exigit
591 1352 650 1410 hoc
671 1352 763 1409 unica
784 1349 933 1420 amicitia,

254 1455 331 1514 Cum
354 1474 462 1515 vesana
483 1475 563 1515 meae
583 1463 712 1514 torreret
732 1453 854 1512 flamma
871 1451 1032 1510 medullae.

298 1558 343 1618 Sia
363 1557 459 1634 felix,
479 1558 578 1633 Caeli,
598 1559 640 1616 eie
660 1559 693 1615 in
714 1575 818 1616 amore
838 1563 956 1633 potem.

496 1679 590 1741 Limne
601 1723 610 1756 ,
630 1680 767 1759 Epitomc
787 1681 820 1740 L.
841 1679 913 1739 cxl.

197 1809 233 1893 ll.
255 1806 375 1868 Coelius
394 1806 494 1866 Ruina
512 1815 650 1883 praetor,
671 1824 768 1884 quum
789 1803 953 1864 seditiones
972 1805 1005 1863 in
1024 1804 1100 1865 urbe
1120 1807 1225 1866 conci-

157 1919 253 1986 taret,
282 1927 431 1988 novorum
459 1907 633 1968 tabularum
664 1926 717 1985 epe
745 1905 836 1984 plebe
864 1906 1045 1982 sollicitata,
1083 1906 1227 1984 abrogato

155 2014 338 2092 magistratu
357 2011 464 2090 puleue
485 2010 697 2081 nrbe,-lliloni
711 2009 828 2081 exeuli,
850 2010 906 2088 qui
920 2009 1120 2086 fugitivorum
1139 2029 1228 2068 exer-

156 2117 254 2177 citum
278 2122 488 2188 contraxerat,
524 2132 557 2172 ee
586 2113 756 2172 coniunxit.
810 2111 959 2190 Uterque,
984 2132 1082 2192 quum
1109 2112 1228 2173 bellam

156 2219 359 2292 molirentur,
379 2215 533 2276 interfecti
554 2224 634 2274 eunt.
1152 2204 1157 2211 ’

305 2344 434 2402 Vnumne
454 2342 639 2417 Plrxacmne,
660 2339 740 2398 Hire.
761 2338 848 2398 Rom.
869 2339 900 2399 L.
921 2340 962 2400 11.
983 2358 1011 2398 c.
1032 2339 1082 2401 36.

197 2455 265 2515 lam
295 2473 374 2533 pene
389 2470 649 2532 supervacaneum
665 2450 763 2510 videri
782 2457 897 2529 potent,
929 2451 1131 2511 eminentium
1148 2452 1232 2529 inge·

156 2559 283 2619 niorum
303 2566 410 2617 notare
425 2567 572 2634 tempora.
614 2555 687 2629 Quia
708 2556 791 2612 enim
819 2555 958 2631 ignorat,
981 2553 1147 2634 diremptor
1167 2575 1232 2633 gra·

157 2662 252 2722 dibus
278 2662 384 2721 aetalia
403 2660 543 2720 floruime
564 2660 622 2719 hoo
649 2668 785 2736 tempore
803 2657 997 2732 Ciceronem,
1018 2657 1229 2730 Hortensium,

158 2765 350 2838 Antonium,
373 2765 531 2839 Graccum,
559 2763 695 2828 Cottam.
727 2761 912 2838 sulpitium,
931 2777 1062 2837 moxque
1082 2759 1232 2836 Brutum,

154 2865 334 2940 Calidium,
356 2867 511 2939 Coelium,
530 2865 674 2939 Calvum,
687 2873 717 2922 et
727 2865 901 2941 proximum
912 2856 1049 2920 Ciceroni
1060 2859 1232 2938 Caeearem3

159 2998 332 3058 eorumque
358 2979 444 3038 velut
464 2976 625 3050 alumnae,
646 2972 810 3032 Corvinum
831 2990 866 3030 ac
887 2969 1054 3030 Pollionem
1074 2969 1233 3046 Aeinium3

161 3083 382 3161 aemulumque
402 3080 603 3159 Thucydidis,
625 3065 812 3136 Sallustium.

204 3183 248 3264 (L.
269 3185 310 3244 ll.
331 3203 358 3243 c.
379 3181 442 3263 68.)
484 3184 562 3242 Dum
587 3183 632 3272 in·
651 3182 716 3240 acie
745 3180 917 3240 Pharsalica
946 3177 1112 3257 Africaque
1129 3173 1175 3258 (1)
1198 3177 1238 3238 de

165 3311 403 3332 ι--Ι-Ι,

157 3376 304 3431 verisimile
321 3386 359 3427 est
374 3378 440 3428 hanc
457 3375 577 3428 Clodiam
592 3375 664 3426 illam
679 3376 777 3439 iniere,
796 3393 875 3442 quam
893 3377 1009 3429 Catullus
1023 3381 1240 3448 quoqneema'rit.

159 3465 216 3520 Sed
229 3468 285 3535 ipae
303 3458 380 3516 etiam
396 3475 471 3535 poeta
489 3466 538 3516 hoc
554 3465 689 3516 ostendere
705 3465 823 3515 videtur:
843 3465 885 3516 vel
899 3468 985 3534 potius
1001 3466 1137 3516 manifesto
1152 3465 1242 3516 decla-

158 3567 217 3619 rat,
242 3556 265 3604 si
290 3555 438 3606 conceditur
462 3537 556 3606 filium
578 3554 642 3605 illud
659 3553 863 3622 simulatumque
879 3572 975 3606 nornen
998 3555 1064 3606 hauc
1083 3555 1258 3624 eiguificare.
1322 3555 1327 3564 “

157 3643 194 3695 In
213 3642 428 3710 hendecasyllabo
452 3644 540 3722 enim,
566 3658 696 3709 quocum
715 3642 804 3693 Caelio
824 3644 942 3711 queritur
965 3645 1126 3713 dellagitiis
1140 3648 1242 3716 ipsine,

152 3748 233 3799 ,quae
256 3748 349 3798 corpus
370 3731 456 3799 palam
476 3731 637 3800 publicaret,
666 3748 692 3781 se
715 3733 815 3782 coelum
837 3731 914 3782 illum
928 3733 1049 3786 habuisse
1063 3737 1092 3786 in
1109 3753 1141 3787 co
1158 3753 1244 3787 amore

159 3830 267 3884 narret,
290 3821 324 3870 ita
341 3820 469 3870 scribens:
499 3821 587 3883 Caeli,
607 3819 702 3870 Lesbia
723 3824 834 3883 nostra,
855 3821 950 3871 Lesbia
966 3825 1012 3873 illc
1028 3825 1076 3874 dre.
1092 3825 1243 3886 Prostitutue

163 3911 239 3962 euim
265 3907 406 3976 pudicitiae
431 3907 498 3958 hunc
520 3909 638 3975 quamvis
655 3906 772 3956 nobilem
785 3907 924 3960 admodum
938 3911 1078 3963 mulierem
1096 3913 1194 3978 fuisse,
1211 3931 1245 3966 ox

164 3998 281 4049 oratione
302 3995 436 4047 Ciceronis
459 3995 622 4063 intelligitur.
657 3993 732 4044 Unde
757 4013 839 4062 quum
869 3999 1070 4060 Quadrantaric
1092 4000 1137 4051 illa
1159 4012 1246 4054 roceto

150 4087 201 4136 ,cit
220 4084 283 4152 [clx.
299 4083 354 4134 Cic.
373 4101 400 4152 p.
419 4082 491 4136 Geel.
508 4102 532 4136 o.
550 4084 600 4144 26,
611 4081 668 4148 62]
684 4119 691 4145 ,
706 4084 780 4133 cuiue
789 4087 951 4150 cognominis
959 4088 1086 4139 rationem
1096 4089 1246 4141 Plutumhuo

168 4175 214 4242 [in
228 4176 285 4225 rite-
296 4171 380 4224 Cicer.
393 4189 407 4224 c
436 4172 494 4240 29.]
506 4173 632 4242 exponit,
652 4171 684 4221 ll.
695 4169 799 4222 Caelius
807 4172 919 4224 creditur
927 4184 965 4224 eal
973 4176 1137 4228 auctorilliue
1145 4177 1246 4230 fabulae

163 4262 265 4327 fuisse,
282 4263 403 4330 quamvis
419 4261 446 4312 id
461 4260 553 4312 Cicero
567 4271 669 4330 purget.
687 4261 717 4312 P.
734 4261 872 4316 Vroroama
886 4263 948 4318 lar.
966 4264 1036 4318 Lect.
1051 4266 1082 4318 Ι..
1097 4250 1167 4318 ΧΠ.
1180 4282 1203 4317 c.
1221 4265 1246 4316 1.

203 4350 244 4418 (1)
280 4349 361 4406 Acuta
376 4361 401 4402 et
420 4367 480 4403 reru
497 4350 580 4419 Lipcii
599 4351 762 4404 emendatio:
781 4354 909 4422 circaque.
929 4355 1027 4408 Ruunt.
