2978 5186
632 370 690 430 151

128 570 289 631 marmur
310 589 441 650 eumque
459 572 597 632 omnium
617 590 764 642 concensu
788 584 944 656 receptum
962 580 1119 642 literarum
1146 604 1193 643 or·

126 676 236 736 dinem
263 695 335 754 prae
360 695 392 736 ee
417 674 540 753 ferunt,
562 687 627 738 tum
653 681 762 757 prioriu
792 701 916 761 qnoque
931 681 1046 748 ordinis
1066 689 1193 770 uinoque
1285 691 1289 710 '

126 783 297 862 promiceni
318 780 446 858 veetigia
472 791 649 842 monstrant.
697 782 797 844 Porro
815 804 861 864 cp.
882 787 946 846 xlv
964 789 1036 850 libri
1054 791 1101 862 ΙΙ,
1129 812 1190 871 qua

125 886 256 967 quidum
270 886 306 945 ll.
323 885 432 946 lebino
446 885 547 946 Coelio
566 887 810 963 commendatur,
828 891 909 952 inter
925 892 1027 954 literas
1041 913 1191 956 cominen-

123 991 250 1050 datitiae
267 990 340 1050 libri
354 989 425 1050 XIII
445 991 483 1050 nb
500 992 644 1052 omuibus
657 1002 725 1054 octo
745 995 834 1072 libris
843 1041 852 1072 ,
873 1018 949 1078 quoe
963 1001 1081 1061 contuli
1098 1013 1192 1083 alque

124 1096 220 1154 etiarn
240 1094 278 1154 ub
295 1094 400 1153 Iudice
420 1095 468 1155 Dr.
487 1095 511 1156 1.
532 1100 689 1174 repetitur.
731 1099 915 1163 Hubertinue
935 1103 1068 1167 Clericus
1089 1117 1190 1168 eutem

122 1211 189 1260 tum
207 1200 333 1278 rupinae
349 1199 552 1278 negligentiae
571 1202 648 1276 fuit,
668 1206 746 1264 utin
764 1205 849 1268 illum
868 1209 952 1286 epist
974 1208 1039 1268 xlv
1067 1211 1138 1271 libri
1159 1213 1190 1272 ll

122 1305 286 1384 repetitum
322 1304 423 1364 denuo
458 1315 544 1366 notae
576 1308 798 1385 conscriberet,
827 1312 1006 1390 repetitione
1035 1316 1100 1373 eiua
1131 1337 1188 1376 nec

122 1409 336 1470 animadversa
347 1427 405 1468 neo
418 1419 532 1468 notata.
551 1441 590 1454 -
608 1410 704 1472 Elium
722 1413 849 1492 apiaria
865 1415 930 1476 XXI
956 1425 985 1475 et
1005 1417 1095 1478 XXIX
1116 1421 1189 1480 libri

120 1515 180 1575 XII
207 1525 275 1594 port
301 1517 387 1593 epist.
407 1513 534 1574 LXXVII
553 1513 627 1574 libri
644 1515 715 1578 XIII
737 1517 837 1578 denuo
855 1529 900 1580 eut
920 1519 1070 1602 descripta
1087 1525 1118 1584 iu
1139 1525 1188 1584 lir.

120 1621 188 1694 III,
213 1620 319 1682 Indice
348 1619 397 1680 Dr.
423 1620 442 1686 Ι,
463 1629 493 1680 et
510 1619 632 1698 Torgur.
651 1641 707 1682 nee
727 1621 843 1684 alinde
862 1643 971 1700 caruca,
990 1645 1082 1705 quam
1103 1629 1187 1708 quod

118 1726 258 1787 ciuedem
292 1725 463 1803 argumenti
502 1733 587 1784 erent
615 1733 646 1784 et
675 1725 832 1786 literarum
862 1731 1182 1794 commendatitiarum

119 1847 270 1891 numerus
293 1851 356 1890 nno
386 1828 541 1890 volumine
568 1828 792 1908 seligendarum
818 1831 955 1894 nondum
982 1837 1054 1894 satie
1083 1851 1183 1897 certus

120 1955 189 1996 ecce
216 1935 395 2008 ridebatur,
420 1944 455 1992 ut
485 1935 517 1992 iu
543 1936 600 1992 boc
620 1935 897 2016 Codice'quaedam
916 1941 1060 2012 omissae,
1079 1943 1184 2002 inille

116 2041 271 2120 quaedam
299 2040 419 2100 additae
438 2040 618 2117 legerentur.
660 2041 705 2100 ltu
725 2020 848 2122 quoque
864 2042 1014 2104 Victorius
1032 2045 1123 2104 aud-L
1140 2047 1182 2108 XI

116 2147 205 2226 epist.
229 2146 299 2205 Xlll
325 2145 467 2220 affirmat,
489 2153 556 2223 poet
578 2143 663 2204 illurn
688 2146 773 2223 epict.
797 2146 867 2206 Xlll
888 2156 942 2206 aut
963 2158 1110 2208 vetustate
1128 2161 1181 2210 aut

115 2251 304 2330 negligentia
338 2250 533 2310 librariorum
562 2251 653 2310 uliam
682 2249 818 2310 eioudem
845 2251 878 2309 Ι).
904 2253 990 2312 Bruti
1021 2255 1194 2334 epistolam.

115 2357 261 2436 periisse,
295 2356 368 2435 quia
404 2355 468 2412 eius
503 2356 645 2414 initium:
674 2343 851 2414 Primnum
876 2357 1056 2417 miserrimos
1081 2391 1121 2404 -
1147 2362 1180 2418 iu

116 2460 226 2520 Indice
246 2460 317 2520 libri
332 2460 455 2520 lledicci
477 2459 576 2520 adbuc
598 2461 745 2539 supersit,
764 2462 846 2540 quod
866 2463 957 2522 etiam
967 2463 981 2537 ,’
999 2474 1034 2522 ut
1044 2463 1104 2524 alio
1115 2464 1184 2526 loco

116 2563 271 2638 indicavi,
309 2565 339 2622 in
365 2565 470 2624 Iudice
497 2565 546 2624 Dr.
567 2565 581 2624 Ι
603 2565 703 2624 adbuc
724 2565 844 2644 legitur.
886 2567 1064 2629 Gebharduu
1080 2581 1182 2630 autem

115 2670 157 2730 ud
178 2669 210 2729 L.
229 2669 284 2728 Xll
310 2671 394 2748 epiet.
422 2669 537 2744 XVIII,
563 2689 641 2751 quoe
661 2671 741 2729 iuter
756 2671 859 2749 plures
874 2671 1026 2732 Ciceronis
1041 2675 1181 2753 epistolae

115 2774 159 2833 ed
186 2774 315 2834 enodem
339 2775 532 2835 Cornificium
555 2777 682 2854 scriptas
705 2775 834 2853 legitur,
859 2776 991 2852 indicet,
1015 2778 1095 2838 hano
1120 2781 1181 2858 epi·

113 2879 226 2939 stolam
246 2882 279 2940 in
293 2880 428 2939 Palatino
446 2880 460 2939 l
479 2879 662 2951 desiderari,
677 2880 756 2937 sieut
774 2880 865 2938 etiam
884 2882 917 2937 in
933 2881 980 2940 Dr,
996 2881 1044 2953 ll,
1063 2883 1094 2940 in
1106 2882 1178 2961 plu-

111 2987 202 3046 rimie
219 2986 376 3044 simillimo
392 2985 438 3044 illi
458 2983 593 3043 Palatino
612 2983 626 3042 l
635 3027 645 3058 ,
666 2985 776 3042 omium
793 2994 847 3043 ert.
888 2985 1023 3065 lienique
1041 2987 1173 3067 Lipsien-

109 3093 154 3151 eie
179 3093 336 3171 epietolem
361 3089 435 3176 XXV
460 3097 490 3148 et
508 3089 596 3148 XXVI
614 3088 685 3148 libri
703 3087 758 3147 XII
779 3089 871 3148 etiam
890 3075 1050 3152 cornificio
1069 3093 1174 3152 iuueri-

112 3205 185 3276 ptne
201 3197 318 3268 omisit,
335 3211 415 3274 quae
430 3195 508 3254 duae
526 3195 671 3273 epistolae
688 3187 832 3274 tanquam
854 3215 915 3255 una
933 3198 966 3255 iu
984 3198 1089 3257 multis
1107 3198 1188 3258 aliie·

110 3301 276 3362 Codicibue
291 3311 372 3360 orote
390 3302 560 3360 cohaerent.
586 3300 676 3359 Plura
689 3299 825 3378 exempla
841 3319 877 3358 ex
893 3300 961 3358 aliie
980 3302 1175 3380 epistolarum

112 3407 206 3466 librie
231 3405 349 3466 adferre
378 3425 440 3464 nou
463 3423 538 3484 opuu
562 3415 625 3478 eut,
646 3405 719 3482 quia
740 3403 814 3462 boec
842 3404 902 3461 ium
934 3399 1177 3482 adprobandum

110 3512 296 3572 seutentiam
315 3510 489 3582 sufficiunt,
507 3527 569 3568 non
589 3509 661 3569 cetis
674 3507 1007 3595 certum'epictolurum
1027 3507 1176 3570 collocan-

110 3617 223 3675 dorum
241 3614 378 3674 ordinem
392 3615 563 3694 entiquitue
580 3611 681 3674 locum
700 3613 850 3672 habuisse.

153 3718 257 3797 Neque
295 3729 397 3778 tamen
421 3718 475 3776 ille
499 3717 574 3776 ‹rrdo
599 3717 792 3795 epistolarum
820 3715 973 3775 interdum
1001 3718 1084 3777 varie
1108 3739 1195 3779 inu-⁴

109 3832 194 3882 tutuo
215 3821 383 3904 quidquam
405 3821 537 3881 detrahit
553 3821 675 3879 illarum
688 3821 760 3879 fidei
771 3867 787 3892 ,,
807 3829 841 3879 ut
857 3821 1029 3898 suppositae
1046 3822 1084 3880 ab
1105 3823 1183 3902 aliie¹

107 3925 291 4003 videantur,
320 3928 392 4006 quia
404 3927 594 4006 ¹plerumque
615 3927 715 4004 ipsum
734 3925 882 3985 eincmodi
901 3924 1096 4002 epistolarum
1130 3947 1174 3986 ar-

105 4040 291 4112 gumentum
310 4033 352 4090 ita
370 4041 412 4090 est
432 4038 656 4110 comparatum,
684 4038 719 4092 ut
739 4029 807 4087 illae
827 4048 889 4087 nou
908 4028 999 4088 facile
1017 4030 1077 4088 alio
1093 4040 1173 4090 teru-
1268 4073 1275 4082 ,

106 4155 202 4215 pore,
228 4155 321 4216 quam
340 4135 394 4198 illa
414 4137 564 4198 Ciceronis
582 4143 679 4196 aetate
698 4133 846 4194 conscribi
865 4134 999 4214 potuitne
1019 4145 1168 4215 apparent.

29 4269 31 4275 ·
106 4242 194 4316 Quae
223 4241 348 4321 quidem
376 4243 402 4300 ei
430 4261 447 4300 e
473 4260 544 4300 vero
567 4240 703 4319 proxime
726 4238 828 4298 auare
841 4239 1001 4315 ridentur,
1017 4239 1108 4302 facila
1128 4242 1171 4304 iu·

106 4343 279 4424 colligitur,
299 4347 381 4406 unde
403 4345 456 4406 illa
471 4345 586 4406 ordinis
602 4345 841 4426 permutatio‚in
849 4343 928 4406 libro
938 4342 1007 4407 Vlll
1018 4347 1182 4428 inprimit,
