2978 5186
790 382 852 446 186

284 598 356 676 quin
392 597 423 656 in
451 593 544 654 Coelii
580 593 715 654 dictione
744 595 856 652 similia
885 592 949 652 loca
981 603 1165 670 occurrunt,
1191 595 1274 656 hane
1295 617 1363 657 ver.

279 701 395 759 ,horum
421 700 651 777 explicationem
682 698 911 776 praeferendam
937 707 1029 777 puto,
1049 717 1111 776 qua
1131 703 1308 778 sequentia:
1328 713 1365 761 ut

285 823 337 862 sos
364 815 416 862 oct
440 823 618 862 successores
643 806 749 882 porois
775 803 889 863 additis
920 805 1016 883 copiis
1046 805 1191 864 sustinere
1218 809 1362 885 possint,

287 911 325 988 ad
356 909 491 988 singulas
512 921 572 970 tres
601 929 724 984 causas,
752 927 828 987 quas
846 908 912 968 fieri
933 927 1019 987 posse
1039 909 1147 986 ponit,‘
1175 911 1360 988 singillatim

285 1015 465 1074 referantur.
507 1015 597 1089 Quasi
621 1011 803 1093 scripsisset:
833 1011 862 1072 Si
882 1025 984 1074 autern
1006 1015 1056 1074 eal
1075 1015 1114 1072 sit
1132 1013 1252 1074 bellum
1270 1017 1355 1075 eius—

287 1121 390 1192 modi,
422 1128 457 1178 nt
481 1123 582 1198 parvis
607 1121 703 1198 copiis
720 1119 832 1178 additis
850 1122 895 1177 tni
917 1138 1103 1178 successores
1121 1120 1271 1179 sustinere
1289 1140 1365 1198 pes-

288 1227 364 1296 sint,
396 1223 444 1282 vel
472 1223 561 1301 plane
592 1243 653 1282 nou
683 1223 824 1282 futurum
852 1225 892 1282 sit
913 1221 1048 1295 bellum,
1066 1232 1101 1282 ut
1121 1223 1229 1282 iisdem
1247 1227 1364 1304 copiis,

288 1347 380 1406 parvo
401 1346 528 1392 numero
556 1325 688 1402 additis,
719 1346 751 1387 se
776 1337 879 1388 tenere
909 1329 1043 1406 possint,
1072 1328 1122 1386 vel
1150 1337 1213 1388 tam
1245 1348 1357 1407 parum

287 1431 416 1510 periculi
455 1427 578 1505 efferat,
608 1443 643 1489 ut
682 1433 792 1508 exigno
829 1421 951 1490 tanturn
982 1432 1116 1496 militnm
1146 1433 1362 1512 supplemento

287 1554 364 1613 opus
383 1536 432 1593 sit.
751 1576 753 1579 -
1215 1539 1359 1599 Brassica.

327 1648 490 1698 tontum
518 1641 612 1698 erit.
652 1639 811 1700 Eiusmodi
837 1642 904 1700 erit.
946 1641 1020 1702 Nem
1047 1642 1099 1701 hic
1125 1651 1240 1701 toccum
1257 1646 1358 1704 minn-

265 1745 360 1812 ¹endi
389 1746 451 1802 vim
480 1744 587 1814 habet,
614 1763 674 1802 non
705 1745 846 1822 augendi.
879 1745 953 1804 Vide
984 1746 1016 1804 L.
1048 1746 1074 1804 1.
1105 1745 1158 1825 Ep.
1182 1744 1212 1806 7.
1243 1746 1287 1829 [ᾗ.
1317 1749 1362 1828 4.]

270 1857 402 1934 ΔισΛιίαηι
422 1849 484 1906 cim
505 1847 598 1909 lohet.
1253 1854 1359 1914 Miner.

329 1952 358 2034 §.
381 1951 411 2012 6.
453 1933 496 2010 de
524 1971 599 2030 quo
625 1963 779 2033 segont
812 1950 1267 2031 Caesarem-*lobororffi
1293 1961 1364 2018 sed

288 2058 517 2136 Pompeium
543 2056 657 2116 coldo
688 2056 809 2115 nolle.
854 2057 1009 2138 Postuego
1029 2061 1256 2139 sequiturssd,
1276 2063 1361 2124 affir-

288 2156 389 2224 m'ante
417 2162 576 2222 sententia.
627 2163 749 2222 Sueten.
775 2161 878 2222 Claud.
908 2181 935 2222 o.
964 2164 1011 2223 15.
1043 2145 1144 2244 [negot
1173 2169 1361 2246 cognitionis

288 2290 367 2342 rem,
382 2269 433 2327 sed
450 2267 601 2325 ordinarii
620 2269 700 2325 ioris
718 2267 801 2346 esse]
1218 2271 1362 2334 'Wersrm

735 2523 901 2551 *60019-

603 2706 823 2764 mulso.
876 2707 1034 2768 1111.

260 2977 262 2982 Ι
326 2904 508 2980 Praecipuae
535 2911 635 2978 partes
653 2898 804 2976 epistolae
831 2908 903 2956 sunt
920 2900 1010 2980 Appii
1030 2903 1254 2962 commendatio
1274 2915 1306 2963 et
1318 2904 1358 2964 de

290 3007 444 3069 Dolabella
477 3003 657 3064 consilium:
704 3023 782 3084 qnae
814 3019 936 3064 caussae
970 3007 1134 3086 diligenter
1164 3008 1203 3066 ab
1235 3018 1361 3070 anctore

289 3124 438 3192 aguntur,
460 3123 581 3189 atquae
608 3110 665 3168 sub
690 3110 782 3169 finem
806 3113 997 3188 paucissimis
1019 3114 1120 3172 verbis
1144 3131 1251 3180 rursus
1278 3134 1361 3174 com-

288 3218 422 3279 mendat.
463 3216 607 3292 Agnoscit
634 3215 752 3291 Cicero,
774 3217 828 3294 qni
852 3217 890 3275 ad
914 3218 975 3276 div.
999 3217 1038 3277 ll.
1069 3219 1117 3278 1³.
1136 3218 1180 3297 [h.
1198 3218 1252 3278 Ed.
1270 3220 1358 3300 xv1.]

287 3322 474 3402 respondens
501 3319 539 3378 ad
566 3320 620 3378 has
645 3319 773 3378 litteras:
797 3319 958 3402 (litterae)
977 3324 1095 3403 inquit,
1124 3323 1171 3381 vel
1195 3322 1270 3401 poss
1284 3344 1360 3402 prs-

289 3431 368 3488 sime
388 3445 574 3505 acceperam,
596 3445 684 3503 quom
705 3426 885 3504 proderetis!
915 3447 1004 3505 quom
1033 3428 1120 3487 molti
1143 3438 1171 3485 et
1202 3427 1298 3506 officii
1328 3441 1358 3487 et

289 3534 434 3594 consilii!
476 3533 505 3590 si
536 3539 645 3608 rogatu
680 3529 772 3608 Appii
807 3535 925 3610 priora;
951 3533 1119 3612 prudenter
1146 3535 1208 3592 iam
1233 3534 1292 3593 hoe
1313 3535 1358 3593 fe·

241 3615 244 3620 ¹
287 3616 349 3712 cit,
384 3638 467 3719 qu‘od
504 3624 642 3710 tanturn,
678 3639 765 3716 qnasi
801 3657 817 3695 e
849 3657 903 3697 sna
932 3641 1095 3716 sententia,
1128 3641 1225 3698 amice
1252 3642 1358 3698 suasit.

287 3745 381 3817 Recte
404 3752 452 3814 et,
479 3760 533 3801 suo
560 3760 661 3815 more,
687 3733 819 3801 breviter
846 3741 874 3822 ᾖ,
900 3741 926 3802 1.
937 3744 969 3823 f.
991 3745 1096 3818 docet,
1121 3745 1146 3802 si
1163 3745 1356 3822 gratificetur

290 3850 387 3929 Appio
395 3891 404 3923 ,
432 3865 560 3906 necnee
588 3855 758 3924 suspectam
787 3845 852 3906 fore
880 3849 945 3906 sins
975 3849 1274 3926 reconciliationem,
1300 3869 1359 3910 neo

288 3955 358 4016 allis
388 3954 536 4012 iustitiam
562 3961 593 4009 et
617 3953 817 4010 severitatem.
859 3951 901 4011 De
915 3952 1088 4013 Ilolabellue
1108 3957 1232 4032 negotio
1252 3965 1358 4028 cante,

218 4085 220 4090 ’
289 4071 321 4121 et
340 4058 440 4120 verbis
458 4059 559 4114 minus
580 4058 701 4134 apertis.
743 4039 969 4116 Tribne'autem
986 4063 1173 4136 argumentis
1193 4058 1222 4140 §.
1250 4059 1282 4119 2.
1307 4060 1362 4120 Ci-

288 4183 428 4246 ceronem
454 4162 601 4222 deterret:
631 4160 660 4243 a)
689 4161 814 4240 denique
841 4195 880 4208 ·-
908 4166 1063 4222 emanarit.
1106 4163 1139 4245 h)
1153 4177 1155 4182 '
1157 4185 1250 4244 porro
1267 4199 1309 4215 -
1329 4188 1362 4246 q.

290 4272 407 4342 mosot,
447 4257 499 4326 oct
532 4265 562 4347 c)
596 4267 748 4346 capediot,
771 4267 801 4346 f.
854 4267 1026 4348 llaecepte
1048 4268 1079 4350 §.
1108 4272 1135 4328 5.
1159 4281 1361 4348 repetuntur:

290 4378 328 4437 ed
363 4378 498 4455 primum
528 4372 659 4434 relertnr
696 4373 856 4452 aequitatis
893 4375 994 4452 cptos'o
1006 4398 1019 4446 ;
1047 4375 1085 4434 ad
1113 4373 1249 4435 inedium
1272 4370 1361 4456 dign.
