3034 5166
859 357 902 416 90

619 561 785 650 enims
813 558 1003 647 ermion
1030 559 1070 642 S.

369 770 402 843 l.
441 769 528 864 Ergo
550 792 605 838 me
630 768 745 862 potius
768 768 804 836 in
829 767 990 861 Hispania
1015 765 1117 835 fuisse
1141 775 1215 834 tum
1229 779 1254 855 ¹,
1278 789 1386 858 quam

321 900 482 989 Formiis,
530 912 663 991 quum²
707 907 746 964 tu
792 894 966 990 proiectus
1010 917 1045 964 es
1081 892 1126 962 ad
1161 892 1389 986 Pompeium!

320 1027 420 1117 Quod
457 1025 588 1094 utinam
612 1024 643 1119 †
665 1033 725 1093 aut
749 1021 882 1118 Appius
905 1020 1093 1109 Claudius,
1132 1022 1168 1088 iu
1201 1021 1265 1089 ista
1287 1031 1387 1114 parte

320 1157 360 1231 C.
393 1153 495 1224 Curio
506 1166 532 1242 ³,
555 1154 677 1222 cuiusi
694 1151 841 1220 amicitia
864 1173 919 1220 me
941 1147 1122 1244 paullatim
1144 1147 1179 1216 in
1202 1147 1290 1216 hanc
1310 1171 1386 1241 per·

320 1283 429 1354 ditem
476 1303 611 1352 eausam
659 1282 840 1376 imposuit:
888 1302 967 1348 nam
1001 1276 1086 1346 mihi
1120 1277 1229 1346 sentio
1261 1275 1386 1346 bonam

319 1420 469 1480 mentem
503 1407 678 1479 iracundia
700 1419 734 1478 et
755 1421 895 1477 amorc⁵
928 1404 1088 1476 ablatam.
1140 1403 1215 1494 Tu,
1241 1415 1282 1474 tu
1305 1428 1387 1498 por-

318 1557 357 1606 ro
370 1547 397 1626 ⁸,
431 1557 541 1627 quum
578 1532 622 1602 ad
659 1546 693 1604 tc
730 1533 946 1627 proficiscens
980 1529 1133 1600 Arimino
1165 1542 1298 1602 noctn⁷
1331 1555 1386 1601 rc·

322 1662 468 1751 nissem‚
502 1660 587 1730 dum
618 1662 702 1732 mihi
738 1665 831 1758 pacis
868 1659 1029 1731 mandata
1065 1658 1125 1730 das
1148 1659 1191 1728 ad
1214 1659 1388 1730 Caesarem

321 1799 356 1860 et
391 1785 574 1856 mirificum
616 1790 725 1860 civem
756 1790 851 1883 agis,
889 1789 988 1856 amici
1023 1787 1173 1858 officium
1209 1787 1386 1881 neglexisti

322 1941 435 2013 neque
469 1915 579 1986 mihis
614 1917 825 1988 consuluisti.
885 1914 1005 2008 Neque
1041 1914 1123 1985 haec
1159 1915 1258 1994 dico,
1293 1913 1386 2008 quod

322 2047 477 2118 diffidam
510 2046 593 2114 huic
625 2068 766 2114 causae:
800 2043 883 2132 sed,
918 2041 1020 2113 crede
1053 2043 1162 2132 mihi,
1197 2045 1310 2137 perire
1339 2067 1385 2114 sa·

321 2175 390 2244 tius
413 2184 489 2264 est,
515 2194 619 2264 quam
640 2171 701 2241 hos
725 2171 852 2241 ridere.
902 2167 937 2239 2.
960 2170 1060 2258 Quod
1080 2172 1108 2239 si
1135 2171 1238 2242 timor
1258 2171 1387 2242 'vestrae

322 2301 535 2372 crudelitatis
571 2322 639 2370 non
675 2310 786 2389 esset,
824 2301 923 2370 eiecti
962 2301 1028 2369 iam
1061 2299 1195 2393 pridem
1233 2299 1314 2370 hine
1338 2324 1385 2370 es-

318 2451 445 2502 semus.
509 2427 593 2497 Nam
631 2425 688 2496 hic
722 2451 814 2528 nunc
848 2438 985 2523 praeter
1017 2427 1219 2500 feneratores
1260 2453 1386 2525 paucos

320 2580 384 2628 nec
417 2556 518 2626 homo
553 2577 616 2624 nec
648 2555 731 2628 ordo
753 2557 935 2650 quisquam
961 2568 1012 2626 est
1036 2557 1099 2628 uisi
1123 2557 1347 2650 Pompeianus
1359 2571 1384 2628 ⁹.

320 2685 489 2781 Equidem
535 2684 601 2753 iam
651 2679 771 2770 effeci,
821 2692 859 2750 nt
904 2683 1049 2752 maxime
1092 2678 1192 2775 plebs
1230 2693 1290 2773 et,
1326 2686 1387 2776 qui

320 2823 419 2885 antea
451 2822 566 2883 noster
600 2809 688 2900 fuit,
725 2809 898 2905 populus,
923 2819 1034 2879 vester
1056 2820 1153 2879 esset.
1205 2808 1275 2878 Cur
1297 2808 1384 2898 hoc,

201 2965 210 2984 ·
321 2937 467 3038 inquis?
513 2937 621 3010 lmmo
658 2937 790 3034 reliqua
815 2947 1007 3031 exspectate
1019 2950 1064 3025 ¹⁰3
1089 2959 1145 3007 vos
1173 2938 1294 3008 invitos
1316 2939 1386 3007 viu·

365 3114 509 3184 (1)-·ι1ε1.
526 3119 583 3165 him
601 3113 694 3164 Lamb.
731 3115 902 3181 (2)—ium,
918 3131 1001 3180 quum
1017 3115 1109 3165 Lamb.
1151 3113 1192 3180 (3)
1209 3113 1253 3166 Sic
1269 3122 1387 3181 corrupte

320 3201 374 3258 tid.
391 3204 460 3257 Crat.
479 3203 558 3271 (quae
570 3201 619 3252 ud.
637 3202 711 3252 initio
726 3203 809 3270 llpist.
824 3213 863 3252 est
876 3203 1090 3272 corruptissima.)
1108 3202 1204 3254 Beucd.
1214 3205 1277 3253 item
1286 3203 1354 3254 viat.
1363 3206 1387 3252 1.

320 3297 384 3349 Em.
408 3293 490 3358 scta,
513 3289 559 3344 sed
578 3296 610 3342 ut
633 3308 681 3358 pro
701 3295 771 3350 aui,·
789 3293 852 3341 item
870 3291 983 3355 Graan,
1000 3293 1064 3343 sed:
1081 3320 1116 3331 —
1131 3295 1180 3342 aut
1197 3293 1226 3342 C.
1244 3293 1334 3342 Curio.
1351 3311 1385 3343 ω

320 3384 393 3453 quod
413 3384 518 3434 utinam
543 3385 592 3432 aut
617 3397 670 3431 non
695 3381 750 3446 Ap.
774 3379 900 3430 Claudius
922 3381 1017 3432 inicia
1031 3385 1128 3447 parte,
1155 3387 1203 3432 aut
1223 3397 1277 3434 aon
1292 3384 1320 3432 in
1337 3383 1384 3437 hac

324 3476 352 3527 G.
372 3474 453 3527 Curio
468 3472 537 3522 Vici.
555 3471 580 3521 2.
590 3469 705 3536 mqucd
719 3469 824 3518 utinam
842 3472 996 3520 matimonio
1014 3471 1067 3521 isia
1075 3475 1154 3536 parte
1172 3473 1226 3538 Ap.
1246 3469 1383 3531 Claudius,

322 3566 371 3612 aui
393 3577 446 3612 mom
470 3561 499 3609 in
520 3560 568 3609 hac
593 3559 622 3608 C.
648 3558 728 3608 Curio
752 3557 844 3607 Lamb.
882 3558 921 3626 (i)
941 3577 971 3604 =
986 3561 1081 3624 quoius
1093 3560 1145 3610 llld.
1162 3560 1230 3609 vict.
1244 3560 1269 3609 2.
1288 3559 1382 3610 Graer.

322 3650 419 3703 Beued.
457 3649 497 3717 (5)
517 3677 552 3688 -
567 3647 718 3697 iracundiae
743 3647 836 3698 timore
860 3645 930 3700 Crat.
949 3666 984 3699 Ν
1000 3647 1152 3698 iracundiae
1169 3651 1271 3698 tumore
1294 3647 1387 3698 Lamb.

321 3737 362 3808 (6)
378 3737 423 3790 Sic
442 3735 493 3787 lld.
513 3735 580 3786 Vici.
596 3736 621 3785 2.
638 3734 733 3786 Beued.
749 3764 782 3775 -
800 3735 870 3786 Tum
887 3739 917 3786 tu
930 3754 960 3802 p.
977 3736 1046 3788 Crat.
1062 3735 1383 3788 victimatum.

321 3829 386 3882 dm.
411 3825 474 3878 Sch.
498 3823 609 3876 Fuitne:
639 3825 709 3876 Tute
728 3827 834 3891 porro?
869 3825 909 3895 (7)
937 3827 982 3880 Sic
1005 3829 1150 3879 Bened.·-
1164 3827 1284 3878 Arimini
1305 3831 1385 3878 norim

319 3917 372 3974 ild.
390 3914 458 3966 Vici.
476 3914 502 3965 2.
518 3941 553 3954 -
567 3915 723 3964 Ariminum
743 3919 823 3965 noctu
847 3913 915 3966 Orat.
939 3945 974 3956 -
995 3922 1075 3968 noctu
1095 3921 1250 3970 Ariminum
1271 3917 1341 3968 Vici.
1360 3917 1386 3967 1.

321 4005 415 4057 Lamb.
437 4003 531 4056 Grrer.
558 4003 621 4055 Em.
639 4003 702 4056 soh.
739 4005 779 4073 (8)
797 4033 833 4046 ·-
850 4005 955 4059 mend.
973 4005 1057 4074 Nesp.
1075 4008 1167 4077 Aniiq.
1190 4009 1270 4074 Beng.
1288 4006 1389 4058 Bened.

320 4106 406 4152 orium
429 4111 463 4144 ex
486 4093 533 4144 mi.
577 4091 617 4161 (9)
635 4121 669 4134 ·-
683 4095 736 4144 nisi
758 4097 796 4145 esi
820 4095 914 4162 Pomp.
938 4093 990 4146 tid.
1010 4095 1091 4164 Beng.
1116 4098 1212 4150 Beued.
1256 4096 1312 4166 (10)
1343 4096 1388 4148 Sic

322 4185 433 4253 scripsi,
457 4191 487 4232 ut
506 4181 534 4232 h.
556 4177 576 4231 l.
601 4198 704 4250 semper
719 4183 808 4254 plures
824 4183 974 4252 alloquitur.
989 4213 1023 4222 -
1039 4186 1154 4253 reliquas
1172 4191 1320 4254 exspectant
1334 4186 1388 4239 ild.

324 4276 390 4326 Vici.
409 4273 432 4324 1.
448 4301 481 4311 -
497 4269 622 4338 reliquias
636 4277 785 4339 exspectant
801 4273 891 4342 Antiq.
908 4273 977 4324 Orat.
991 4273 1087 4326 Bened.
1104 4295 1139 4328 <v
1157 4278 1259 4344 reliqua
1269 4282 1389 4343 exspecta

324 4366 391 4428 Yict.
412 4363 437 4414 2.
461 4361 553 4414 Lami).
579 4360 672 4413 Graer.
699 4361 761 4412 Em.
788 4361 849 4416 soh.
867 4363 911 4431 (-
928 4364 1021 4431 reliqui
1037 4367 1284 4434 exspectantlllargo
1302 4365 1387 4434 Orat.)
1499 4373 1500 4376 ’
