2978 5186
618 417 680 476 153

121 619 214 678 verba
232 622 359 698 repetite
374 637 416 708 ¹ex
440 619 525 697 epist.
542 619 590 677 xt'
599 619 671 680 libri
686 621 746 680 IX:
767 631 818 682 out
835 623 869 681 in
888 631 961 682 teoto
981 624 1053 682 vitii
1063 669 1073 700 ,
1091 629 1186 684 onera

117 723 198 782 stilti
222 723 425 802 probabuntur
444 755 480 770 -
505 731 536 782 et
566 733 634 802 post
664 725 755 786 verba
782 727 925 805 epistolae
950 727 989 786 lx
1008 728 1079 788 libri
1096 729 1185 789 VIII:

119 829 148 884 ei
167 826 262 885 ullam
274 847 353 906 spem
378 861 419 874 -
443 827 543 888 denuo
559 829 704 890 eolloeata
723 831 914 906 indicabant,
933 832 1034 891 locum
1052 833 1100 890 Iria
1118 843 1186 892 ooto

119 933 257 1010 epistolis
282 932 355 992 olim
385 934 550 996 interiectis
575 943 644 1012 prist
661 938 748 1013 epist.
771 937 819 996 XV
837 936 909 996 libri
928 937 967 996 III
987 939 1187 998 constitutum

118 1036 234 1096 fuisse:
258 1039 301 1096 ita
332 1055 455 1116 quoque
482 1038 573 1097 verbu
605 1059 649 1118 ep.
677 1040 717 1098 lx
736 1040 808 1100 libri
823 1041 911 1100 VIII:
931 1041 1006 1100 milri
1027 1042 1122 1101 literis
1142 1063 1186 1102 os·

118 1141 266 1214 tenderis,
298 1162 342 1200 me
369 1144 426 1200 isto
456 1143 615 1202 missuram·
632 1143 716 1204 elios.
738 1135 777 1205 Μ.
797 1144 952 1204 Feridium
972 1157 1028 1206 ate.
1049 1166 1128 1225 qnae
1145 1147 1184 1206 ad

79 1310 82 1314 ,
118 1247 246 1304 Initium
277 1247 364 1324 epist.
390 1246 421 1304 II
446 1246 517 1306 libri
539 1247 615 1314 ,vttl
643 1249 722 1308 male
748 1258 841 1310 traete
859 1250 1020 1323 ridentur,
1046 1251 1188 1312 librario-

116 1371 190 1410 rum
214 1354 364 1412 sententia
385 1351 462 1412 forte
482 1353 618 1412 indieure
633 1353 823 1430 debuerunt,
842 1360 874 1413 in
892 1355 960 1414 aliis
980 1355 1067 1414 libris
1084 1357 1187 1416 statIm
1212 1337 1214 1343 Α

115 1467 192 1535 *post
211 1458 297 1535 epist.
317 1457 332 1516 I
353 1457 424 1516 libri
443 1458 510 1518 VIII
529 1461 615 1537 sequi
634 1459 736 1534 illam,
752 1460 964 1540 quaeincipit:
983 1458 1188 1519 ttFeridiom

116 1571 178 1622 eto.
188 1570 218 1622 et
228 1582 306 1640 quae
327 1563 366 1622 ab
382 1563 450 1622 aliia
464 1573 531 1643 pon
551 1567 638 1642 epist.
655 1565 693 1623 IX
708 1565 781 1624 libri
799 1565 869 1624 VIII
885 1564 978 1643 vulgo
988 1565 1131 1624 collocari
1141 1583 1184 1624 so-

117 1669 191 1727 leat.
231 1667 268 1728 Ut
281 1677 382 1728 aulem
399 1669 527 1727 alterurn
539 1669 631 1740 simul
643 1669 837 1747 epistolarum
849 1668 984 1727 ordinem
998 1670 1185 1742 indicarent,

118 1791 183 1852 quo
199 1771 269 1846 illa,
288 1793 366 1853 quae
383 1793 464 1832 tinne
476 1785 519 1834 est
539 1794 585 1852 ep.
604 1775 651 1848 ll,
668 1775 769 1832 statim
788 1774 900 1852 exeipit
916 1775 1071 1852 epistolam
1089 1777 1187 1835 llibri

117 1877 206 1952 VIII,
227 1877 333 1936 saltem
358 1878 480 1936 initium
511 1878 595 1936 illiue
625 1877 769 1956 epistolae
794 1876 886 1936 simul
906 1878 1090 1938 adiecerunt.
1133 1880 1186 1938 lle-

115 1983 255 2042 buiaseut
273 1991 372 2041 tarnen
394 1983 498 2052 eadem
517 1984 607 2040 verba
628 1983 726 2060 primu
745 1982 830 2059 epist.
851 1980 880 2039 11
901 1983 991 2040 etiam
1012 1992 1079 2062 post
1098 1985 1185 2063 epist.

115 2088 166 2147 XV
196 2087 268 2146 libri
290 2086 329 2145 IX
347 2087 460 2164 repeti,
483 2097 517 2146 ut
534 2085 578 2144 ibi
600 2093 723 2164 quoque
744 2084 932 2144 iudicaretur
951 2088 1051 2146 varius
1072 2091 1185 2167 episto*

115 2194 217 2253 larum
236 2193 326 2266 ordo,
343 2193 423 2252 siout
442 2193 593 2250 indicatus
614 2202 678 2248 erat
698 2190 798 2248 verbis
819 2193 954 2268 repetitis
967 2217 978 2260 ε4
995 2204 1046 2252 aul
1064 2196 1098 2253 in
1110 2205 1184 2254 tecto

116 2299 206 2373 vitii,
233 2307 328 2355 estere
347 2289 431 2355 erili
438 2273 644 2376 probabuntur
655 2295 755 2354 -sed
774 2296 817 2354 ihi
838 2297 982 2356 videntur
999 2299 1184 2377 negligentia

116 2403 312 2464 librariorum
339 2404 448 2460 otnissa
475 2399 588 2477 fuisse,
625 2401 704 2460 sieut
734 2401 825 2458 etiam
856 2386 1066 2480 repetitionem
1094 2405 1184 2485 plane

128 2565 352 2581 ,ὴ

114 2647 189 2716 (VI.)
212 2646 281 2698 VIII.
310 2645 350 2712 [h.
369 2645 417 2697 Ed.
435 2646 541 2712 Eptl.
559 2646 584 2696 3.
603 2646 635 2696 V.
653 2646 766 2698 exul.
784 2647 809 2696 6.
827 2645 897 2698 VIII.
915 2649 972 2716 10.]
1011 2649 1093 2718 Quare
1115 2653 1187 2702 reri-

111 2736 197 2789 simile
206 2747 254 2802 est,
271 2728 391 2788 Coelium
407 2736 483 2786 etiam
498 2734 525 2784 b.
544 2735 562 2784 l.
578 2735 713 2804 epistolam
730 2753 824 2786 nonam
839 2737 933 2787 iisdem
948 2733 1034 2788 verbis
1047 2737 1184 2804 clausisse,

110 2845 175 2880 eum
198 2828 318 2898 inprimis
343 2827 370 2874 in
393 2825 562 2893 sequentibus
579 2825 650 2900 ntrlla
667 2803 780 2895 amplius
805 2829 903 2878 mentio
918 2826 1035 2877 eiusdem
1050 2830 1187 2894 rogationis

108 2919 234 2984 inficitur.
268 2917 363 2979 Porro,
383 2917 447 2966 sieut
461 2915 555 2964 verbi:
570 2916 609 2966 Μ.
632 2916 785 2975 Feridium,
805 2919 915 2982 equitem
931 2917 1188 2978 Romanum‚omiei

107 3010 160 3059 mei
167 3009 255 3074 filium
270 3037 304 3046 -
321 3007 413 3056 noram
428 3007 581 3055 senteutiam
595 3005 623 3054 h.
639 3004 658 3055 l.
681 3007 827 3074 incipiunt,
844 3009 884 3056 ito
897 3006 1002 3056 initium
1019 2999 1187 3073 epistolarum

110 3099 241 3164 Ciceronis
264 3098 535 3148 commendatitiarum
551 3097 696 3162 saepissime
718 3101 755 3146 est
779 3101 980 3164 comparatum
996 3105 1024 3145 ut
1043 3095 1105 3146 adeo
1121 3114 1186 3164 pro-

107 3183 167 3258 p'ter
189 3187 251 3251 illa,
276 3205 341 3255 qnae
364 3190 415 3236 iarn
435 3185 526 3247 attuli,
545 3204 559 3235 a
581 3202 640 3235 vero
655 3185 772 3254 proxime
789 3183 871 3245 absit,
890 3175 1009 3235 Coelium
1029 3202 1132 3254 quoque
1144 3185 1186 3236 >ab

105 3279 149 3329 his
171 3277 257 3329 verbm
281 3295 373 3328 novam
394 3275 472 3328 ordiri
490 3275 644 3344 epistolam,
662 3276 722 3342 quia
739 3272 859 3324 naturalis
875 3271 919 3322 illa
936 3274 1054 3342 epistolas
1068 3277 1184 3326 consori-

106 3367 188 3418 bendi
202 3368 284 3430 ratio,
301 3383 366 3434 quae
382 3365 414 3416 ab
434 3365 515 3434 ipsis,
535 3382 646 3432 quorum
658 3363 920 3414 commendandorum
935 3381 1008 3415 causa
1021 3373 1081 3414 sunt
1090 3365 1182 3429 datae,

106 3459 214 3508 initium
238 3456 367 3507 scribendi
391 3455 465 3516 fauit,
495 3455 547 3504 fere
572 3451 694 3504 solemnis
719 3464 771 3503 erat
797 3455 863 3502 inter
888 3453 1022 3504 Romanos.
1040 3452 1183 3520 -Neque

105 3546 155 3596 hoo
169 3554 296 3612 repugnat
319 3545 362 3605 ei,
378 3560 456 3610 quam
472 3541 600 3605 defendo,
618 3542 777 3605 sententiae,
797 3540 866 3607 quod
880 3523 984 3592 Coelius
998 3539 1083 3592 statim
1096 3541 1182 3594 addit:

104 3638 153 3700 qui
169 3635 205 3684 od
227 3651 304 3682 suum
322 3631 455 3696 negotium
480 3634 547 3682 istuc
570 3633 640 3682 venit
660 3661 693 3670 -
716 3643 793 3698 atque
815 3629 901 3680 loeum
922 3648 975 3680 non
998 3630 1111 3694 indieut,
1137 3631 1184 3682 ubi

103 3735 165 3775 tunc
182 3723 272 3776 Gieero
281 3720 436 3772 versabatur.
463 3720 535 3790 Aliae
552 3722 630 3770 etiam
648 3718 730 3771 Coelii
744 3719 866 3786 epistolae
882 3719 974 3770 eodem
991 3719 1068 3770 modo
1084 3719 1181 3772 inehe-

106 3825 191 3865 autur.
226 3811 278 3863 Ut:
299 3811 381 3879 Epist.
395 3810 441 3860 IV.
465 3809 507 3876 [h.
523 3808 572 3859 nd.
587 3809 635 3876 V.]
652 3809 762 3860 Invideo
782 3809 848 3872 titi,
865 3809 937 3872 quod
948 3809 1033 3860 multa
1049 3810 1182 3875 quotidie,

104 3921 173 3970 quae
185 3904 284 3964 mirer,
303 3903 368 3951 istoc
379 3901 554 3968 perferuntur
569 3909 594 3948 et
608 3899 695 3967 Epist.
709 3897 767 3947 VII.
786 3897 827 3964 [b.
843 3897 891 3946 nd.
906 3896 991 3966 XIV]
1033 3901 1118 3962 Quam
1133 3901 1185 3952 cito

105 3997 138 4044 tu
151 3995 229 4044 iatine
243 3991 358 4042 decedere
375 3992 482 4056 cupias,
502 3992 594 4040 nescio.
606 3989 767 4055 —Ilenique
784 3989 812 4037 in
827 3988 997 4054 sequentibus
1012 3988 1097 4039 verbis
1113 3987 1184 4041 Coe-

104 4085 157 4136 lius
172 4085 259 4134 denuo
273 4097 388 4132 enarrem
407 4082 516 4149 incipit,
532 4097 597 4147 quae
617 4078 649 4128 de
665 4074 915 4150 provIneiislGalliis
930 4087 983 4128 aeta
1003 4089 1106 4142 essent,
1123 4097 1184 4130 oum

104 4187 193 4226 temen
219 4173 336 4224 eiusdem
355 4189 443 4222 causae
467 4173 518 4220 iam
534 4172 560 4236 ᾗ.
577 4169 601 4220 6.
629 4169 670 4237 [35.
687 4168 726 4234 2.]
752 4166 910 4216 mentionem
926 4167 1066 4218 iniecisset.
1092 4169 1182 4236 Itaque

106 4267 197 4317 saltem
214 4263 291 4314 rerba
309 4262 353 4312 illa
368 4255 480 4328 §j13et
500 4261 532 4310 14
552 4259 595 4328 [ti.
614 4259 654 4327 ii.]
676 4260 697 4309 si
714 4257 745 4307 ad
761 4255 895 4325 epistolam
909 4274 988 4326 unam
1003 4259 1179 4325 pertinerent,

104 4356 193 4408 verbis
214 4355 240 4421 ᾗ.
256 4354 281 4404 6.
303 4354 345 4422 [ᾗ.
363 4352 404 4418 2.]
425 4351 531 4418 adiungi
555 4349 722 4412 debuissent,
741 4363 846 4400 nerem
860 4347 974 4424 eandem
983 4347 1086 4400 duobus
1097 4348 1181 4416 iisque

103 4445 215 4498 dirersis
230 4443 293 4495 loeis
306 4449 429 4494 tractaret.
866 4449 867 4454 ¹
