3012 5182
795 388 838 449 40

285 609 393 688 essct,
425 619 542 667 vercor
574 598 677 666 etiam
713 620 825 669 nuuc:
857 620 971 692 neque
993 599 1088 690 prius
1108 597 1259 668 desinam
1284 597 1353 668 for·

286 727 432 817 midare,
456 749 560 819 quam
586 725 734 818 tetigisse
757 736 815 795 tel
839 725 969 795 ltaliam
995 725 1144 796 audiero.

334 853 369 923 2.
406 852 472 924 Sed
496 853 541 923 de
562 853 765 926 Parthorum
787 856 934 928 transitu
957 855 1069 926 nuntii
1090 853 1198 934 varios
1222 873 1352 924 sermo·

284 1003 345 1060 nes
366 974 569 1050 excitarunt.
624 951 722 1052 Alius
758 983 872 1069 enim,
896 981 1096 1076 Pompeium
1121 978 1352 1050 mittendum:

285 1109 395 1197 alius,
432 1107 475 1177 ab
512 1107 616 1178 urhe.
631 1106 857 1201 Pompeium2
893 1132 962 1179 non
992 1105 1258 1179 removendum:
1282 1086 1350 1176 'ali-

286 1261 350 1327 us,
396 1236 569 1307 Caesarem
594 1259 693 1306 ¹oum
729 1261 791 1308 suo
821 1237 990 1307 exercitu:
1023 1236 1133 1334 alius,
1171 1235 1349 1305 consules:

286 1386 385 1433 nemo
421 1373 535 1432 tamen
570 1385 609 1431 ex
644 1373 780 1432 senatus
800 1363 955 1433 consulto
978 1362 1137 1455 privatos.
1166 1361 1351 1432 *Consules

284 1501 420 1577 autem,
457 1489 538 1582 quia
575 1500 757 1586 verentur,
791 1485 834 1560 ne
870 1488 957 1558 illud
995 1490 1350 1590 senatusconsultum

284 1615 370 1704 fiat,
417 1623 456 1684 ut
491 1614 645 1709 paludati
680 1627 799 1686 exeant
834 1628 895 1686 ot³
914 1617 1173 1716 contumeliose
1214 1628 1351 1712 praeter

285 1763 342 1813 eos
372 1741 416 1811 ad
452 1741 559 1811 alium
591 1765 644 1811 res
680 1741 921 1832 transferatur,
954 1743 1091 1813 omnino
1114 1757 1271 1816 senatum
1291 1745 1351 1816 ha·

264 1870 386 1948 ,bcri⁴
420 1868 568 1958 nolunt,
600 1893 709 1965 usque
738 1894 799 1961 eo,
837 1881 876 1939 ut
901 1893 1023 1966 parum
1048 1871 1228 1964 diligentes
1251 1873 1286 1941 in
1311 1895 1349 1941 re

283 1995 423 2092 publica
449 1996 651 2067 videantur:
687 1997 748 2067 sed
772 1996 936 2086 honeste,
960 1997 1030 2068 sive
1055 1999 1259 2092 negligentia
1280 1997 1353 2070 sive
1453 2074 1457 2080 ,
1504 2062 1505 2101 ᾗ

284 2125 406 2194 inertia
440 2132 490 2192 cst
529 2125 598 2193 sive
634 2125 714 2214 ille,
741 2149 846 2219 quem
870 2129 1033 2219 proposui
1048 2115 1068 2215 ,⁴
1083 2139 1217 2218 metus,
1240 2129 1353 2201 latet⁵

285 2251 351 2323 sub
385 2250 449 2320 hac
479 2252 723 2343 temperantiae
746 2253 990 2325 existimatione
1011 2255 1104 2324 nolle
1128 2256 1354 2348 provinciama

286 2373 321 2446 3.
359 2375 389 2445 Α
414 2387 450 2446 to
472 2376 591 2445 literae
615 2397 683 2446 non
708 2389 895 2447 venerunt:
926 2389 983 2468 et,
1005 2381 1072 2448 uisi
1095 2369 1242 2451 Deiotari
1265 2381 1352 2453 sub-

285 2512 422 2572 secutae
457 2511 588 2589 essent,
603 2509 607 2515 ’
623 2502 658 2571 in
692 2525 766 2572 eam
792 2479 994 2599 opinionem
1018 2505 1149 2576 Cassius
1174 2519 1311 2578 venerat
1323 2521 1350 2599 ⁸,

284 2653 373 2724 quae
407 2628 603 2724 diripuisset
633 2631 729 2722 ipse,
779 2642 818 2700 ut
853 2632 1049 2704 viderentur
1082 2634 1127 2703 ab
1158 2635 1255 2706 hoste
1291 2662 1353 2709 va-

284 2745 395 2845 s'tata,
429 2755 563 2826 finxisse
586 2737 731 2827 ³bellum
765 2769 800 2827 et
834 2756 963 2829 Arabas
997 2760 1033 2828 iu
1056 2761 1263 2854 provinciam
1287 2763 1351 2834 im-

285 2884 412 2954 misisse
467 2907 591 2978 eosque
648 2884 789 2956 Parthos
833 2909 904 2957 esse
947 2889 1079 2958 senatui
1104 2893 1351 2972 [renuntiasse.

284 3011 396 3098 Quare
431 3010 495 3080 tibi
528 3013 675 3105 suadeo,
723 3017 922 3109 quicunque
957 3027 1008 3086 est
1040 3017 1116 3086 istic
1151 3030 1258 3089 status
1295 3043 1352 3091 re-

286 3160 382 3224 rum,
417 3135 599 3229 diligenter
632 3153 667 3212 et
702 3155 801 3212 caute
830 3145 1034 3238 perscribas,
1059 3168 1102 3214 ne
1121 3156 1182 3215 aut
1206 3145 1354 3218 velifica-

288 3275 345 3333 tus
377 3263 478 3333 alicui
513 3265 635 3338 dicaris
670 3282 730 3340 aut
763 3271 916 3367 aliquid,
951 3274 1045 3367 quod
1075 3272 1216 3346 referret
1240 3278 1327 3348 scire
1340 3332 1352 3368 ‚

287 3393 471 3464 reticuisse.

336 3516 372 3588 4.
422 3519 520 3618 Nunc
561 3522 671 3590 exitus
705 3534 756 3591 est
791 3526 890 3593 anni:
925 3549 1004 3597 nam
1039 3553 1101 3622 ego
1136 3529 1196 3600 has
1233 3530 1352 3604 literas

289 3671 320 3717 a.
360 3646 395 3715 d.
431 3670 515 3715 xurr.
549 3646 622 3719 Kal.
656 3649 816 3721 Decemb.
852 3655 983 3747 scripsi.
1045 3656 1148 3730 Plane
1183 3659 1268 3729 nihil
1303 3664 1352 3731 vi·

288 3775 353 3845 deo
377 3786 457 3845 ante
489 3773 563 3845 Kal.
598 3774 728 3846 Ianuar.
765 3780 818 3872 agi
853 3802 961 3873 posse.
1010 3780 1104 3854 Nosti
1127 3785 1352 3879 Marcellum,

284 3960 527 3976 m

335 4042 375 4110 (l)
392 4070 426 4080 -
439 4045 465 4092 te
483 4044 602 4107 attigisse
618 4043 703 4111 Margo
720 4042 789 4096 Crat.
826 4046 865 4115 (2)
877 4064 971 4097 -om.
989 4049 1142 4117 Pompeium
1158 4048 1241 4118 Neap.
1261 4052 1357 4120 iniq.

289 4129 359 4184 Orat.
371 4130 464 4181 hamb.
498 4132 537 4198 (3)
548 4131 593 4183 Sic
601 4132 653 4183 tid.
661 4132 744 4202 Neap.
759 4135 849 4204 Autiq.
869 4135 938 4187 Orat.
956 4135 1052 4188 Viam
1070 4149 1096 4188 et
1113 4139 1138 4189 2.
1149 4138 1241 4191 hamb.
1255 4140 1364 4192 Benaci.

292 4220 364 4289 (vide
391 4219 498 4273 Victorii
517 4219 599 4274 curas
622 4221 732 4288 tertias.)
751 4251 786 4262 -
800 4228 849 4275 aut
867 4223 960 4275 Graev.
976 4223 1038 4278 Em.
1056 4226 1118 4278 Sch.
1155 4228 1195 4296 (l)
1213 4256 1248 4273 -
1262 4229 1356 4281 haberi

290 4293 395 4362 omnino
421 4326 473 4361 sen.
502 4310 571 4362 Orat.
609 4307 649 4378 (5)
671 4312 847 4365 -latentcx
864 4311 910 4362 ud.
930 4312 1004 4366 Rom.
1022 4315 1084 4368 han.
1102 4315 1163 4368 Sch·
1203 4317 1242 4386 (6)
1262 4332 1359 4370 -oe-

290 4401 348 4451 nial
366 4396 416 4450 lld.
453 4443 456 4448 .
498 4424 501 4430 ·
543 4389 549 4398 ⁸
