2978 5186
351 397 360 426 Ι

79 605 106 666 2.
137 606 212 666 100.
260 609 400 666 Trousius
431 612 499 668 istis
528 614 667 692 iurgatur
695 616 806 689 verbis,
835 619 962 678 verbum
989 624 1147 702 iurgatur,

77 711 259 802 deponentis
276 713 374 772 fruma
391 717 429 773 sit
448 723 636 795 usurpatum.
1007 725 1147 789 Bsmnrer.

114 847 261 862 ——--—·
303 819 396 878 Nemo
436 820 514 880 alius
551 823 668 896 active,
697 833 732 883 ut
759 825 789 884 h.
816 827 836 884 l.
863 828 984 888 videtur
1010 830 1147 902 dictum,

76 923 247 998 usurpavit.
1023 937 1147 996 Wsrsue.

112 1059 180 1071 —
199 1059 262 1072 —-
303 1027 380 1104 Haec
415 1037 459 1088 est
493 1030 696 1107 plurimorum
736 1034 875 1095 codicum
910 1039 1020 1116 lectio,
1052 1063 1145 1122 quam

78 1129 261 1188 Benedictus
291 1133 412 1190 etiam'
403 1153 436 1190 1n
458 1134 560 1194 Dresd.
587 1137 619 1207 1,
645 1137 692 1207 ΙΙ,
714 1137 746 1214 V,
774 1139 857 1218 Terg.
882 1143 950 1204 Asc.
970 1145 1007 1212 l.
1017 1149 1143 1207 invenit.

76 1235 196 1294 Coelius
221 1236 318 1298 forma
342 1235 547 1315 deponentiali
577 1260 649 1299 usus
678 1252 737 1319 est3
762 1244 891 1304 aliarum
913 1251 1061 1310 eiusmodi
1080 1251 1145 1312 for·-

47 1311 193 1399 smairum
224 1342 382 1420 exemplu,
407 1362 469 1422 quo
486 1365 645 1422 exgenere
667 1367 726 1406 ram
743 1349 893 1411 Manutius
914 1354 1002 1413 adh.
1025 1357 1045 1415 l.
1064 1361 1142 1416 exci-

76 1451 191 1502 taverat
212 1445 331 1502 iuratus
359 1465 413 1524 pro
434 1447 564 1524 iurauit,
587 1461 617 1509 et
646 1452 798 1512 rebellatae
817 1475 872 1533 pro
893 1459 1078 1520 rebellavisse
1092 1483 1141 1543 ap.

75 1523 328 1608 Valer.ii1ax.lX.
349 1549 395 1610 10.
437 1552 521 1612 Idem
541 1566 641 1614 tamen
663 1559 706 1615 ait
723 1559 780 1617 sibi
803 1561 957 1623 interdum
978 1566 1141 1628 hicortam

76 1653 111 1713 de
151 1654 263 1712 mendo
298 1657 521 1734 suspicionem,
555 1661 639 1738 quod
674 1662 813 1722 fortasse
809 1669 975 1748 scripserit
1003 1671 1140 1733 Coelius:

76 1759 225 1840 obiurget.
267 1758 392 1818 Scilicet
417 1762 472 1820 hac
497 1763 614 1842 repulsa
638 1785 668 1822 se
693 1770 828 1827 mutavit.
870 1773 1017 1846 Quoniam
1039 1785 1140 1838 tamen
1189 1845 1190 1848 Ἴ

74 1884 174 1924 omues
203 1864 275 1923 libri
294 1875 410 1925 veteres
431 1869 462 1926 in
483 1868 657 1948 obiurgatus
674 1878 884 1951 consentiant,
902 1877 936 1936 id
955 1899 1041 1957 posse
1057 1884 1139 1939 ariti-

73 1990 165 2048 quum
196 1989 259 2030 esse
284 1980 313 2029 et
340 1972 408 2032 ideo
435 1973 627 2049 Coelianum,
652 1979 846 2038 concedebat,
889 1983 946 2056 Qui
975 1985 1137 2046 lectionem

74 2075 209 2156 obiurgat
226 2076 457 2154 praetulerunt,
474 2088 508 2137 ut
527 2079 677 2139 Victorius
695 2093 725 2140 et
744 2083 985 2159 Ernestius,n0n
997 2089 1138 2149 animad-

71 2189 227 2240 verterunt
258 2199 325 2239 eam
346 2181 489 2240 historiae
507 2191 536 2239 et
555 2183 630 2241 huic
647 2185 706 2262 ipsi
728 2186 794 2245 leco
811 2207 990 2267 repugnare.
1031 2194 1135 2253 Hirrus

72 2287 149 2343 enim
172 2294 242 2344 ante
258 2285 410 2386 repulsam
432 2285 564 2344 Caesaris
579 2289 716 2366 partibus
733 2291 864 2352 faverat:
887 2292 1017 2374 ideoque
1034 2297 1137 2356 Curio·

71 2409 138 2448 nem
161 2390 295 2448 Caesarie
313 2389 518 2448 adversarium
537 2391 766 2472 obiurgaverut5
788 2417 871 2455 nunc
885 2408 1001 2459 mutata
1017 2403 1135 2462 ratione

71 2496 167 2571 eoepit
193 2503 299 2552 contra
320 2494 473 2553 Gaesarem
503 2500 664 2556 sententias
692 2499 811 2582 dicere,
838 2500 999 2562 Curionem
1018 2515 1134 2580 autem,

71 2619 159 2677 quem
179 2609 267 2659 antea
288 2599 516 2676 obiurgaverat‚
533 2601 665 2661 laudare.
689 2604 801 2663 Notum
812 2615 856 2663 est
872 2610 953 2666 enim
971 2608 1134 2670 Curionem

69 2707 98 2762 in
118 2705 278 2764 tribunatu
299 2703 625 2764 demum'adCaesaris
646 2718 746 2785 partes
764 2712 926 2770 transiisse.
1016 2713 1130 2776 Sosiam.
1225 2758 1278 2777 -,

105 2809 174 2866 hec
201 2807 358 2887 repulsu
387 2813 630 2872 sermutcait:
665 2813 757 2872 Plane
783 2815 902 2891 puerile
919 2826 973 2876 est.
1015 2819 1128 2880 Verum

67 2914 120 2973 illc
141 2912 225 2972 loeus
256 2933 318 2972 non
343 2936 404 2975 una
428 2927 513 2996 parte
542 2917 670 2977 mutilus
698 2927 751 2978 est.
1003 2923 1130 2986 Wusu.

105 3041 179 3079 nen
205 3020 367 3096 multum
395 3023 438 3078 in
464 3021 644 3080 iudiciis
665 3035 848 3082 versatus
873 3027 935 3086 sit.
978 3026 1170 3088 Vixhaccffi

67 3135 165 3186 orator
190 3127 312 3205 scripsit
331 3134 398 3204 post
418 3126 472 3185 illa
492 3129 546 3205 qui
563 3147 716 3206 nunquam
733 3130 768 3186 in
779 3129 853 3208 foro
871 3134 1050 3210 appareurit.
1085 3135 1129 3195 ·1n

64 3234 151 3311 pueri
167 3251 256 3290 usum
275 3214 351 3289 haec
368 3230 471 3288 addita
486 3232 590 3290 credas
610 3233 648 3291 ab
666 3233 735 3292 aiio.
1002 3237 1126 3298 Wusuu.
1168 3223 1170 3227 ‚
1198 3227 1200 3243 ⁸

102 3339 193 3417 agit
224 3354 378 3394 causas
401 3335 616 3394 liberales.
636 3360 640 3368 ’
659 3338 736 3396 Haec
765 3337 856 3396 lectio
882 3359 899 3398 a
924 3339 1057 3400 Victoria
1078 3351 1124 3402 est

61 3443 200 3522 profecta.
242 3437 313 3500 Sed·
327 3442 399 3500 libri
429 3444 548 3521 antiqui
569 3461 635 3502 eam
652 3462 714 3501 non
735 3443 934 3519 confirmant,
954 3444 1026 3504 lieet
1044 3467 1124 3526 quo-

61 3569 121 3628 que
147 3549 261 3608 Ernesti
293 3556 323 3605 ct
351 3547 495 3606 Graevius
516 3547 684 3606 Victoriam
713 3538 888 3627 sequantui.
929 3548 1034 3629 Neque
1053 3553 1124 3612 satis

60 3663 195 3733 apparet,
226 3652 303 3733 quid
332 3652 363 3710 h.
390 3651 412 3707 l.
442 3650 501 3708 sibi
520 3651 617 3709 velint
636 3671 741 3709 causas
762 3651 915 3725 liberales,
936 3653 967 3712 h.
987 3675 1012 3713 e.
1032 3655 1133 3728 tales,.
1231 3653 1236 3660 ’

60 3762 90 3816 in
120 3759 229 3837 quibus
256 3758 380 3816 libertas
408 3755 539 3814 alicuius
560 3756 744 3816 defenditur.
786 3756 851 3834 Sed,
867 3759 893 3816 si
913 3760 1124 3822 antecedentia

58 3864 279 3942 respiciuntur:
309 3863 361 3940 qni
392 3881 544 3939 nunquam
571 3862 607 3918 in
619 3862 694 3940 soro
715 3864 898 3941 apparuerit,
921 3884 981 3922 non
997 3865 1124 3926 multum

60 3969 93 4025 in
122 3968 245 4025 iudiciis
273 3977 405 4026 versutus
433 3969 489 4042 sit,
516 3967 562 4024 his
588 3967 702 4044 optime
729 3987 764 4025 ea
787 3969 922 4045 opposita
936 3979 1027 4044 snut,
1043 3991 1122 4051 quae

56 4073 261 4150 antiquiorum
297 4074 445 4132 librorum
482 4072 546 4131 fere
576 4049 713 4131 omnium
746 4075 925 4132 auctoritate
955 4075 1119 4152 leguntur:

56 4179 123 4259 agit
141 4197 257 4237 cansam
275 4176 426 4252 liberalis,
446 4177 477 4236 h.
499 4196 523 4234 e.
542 4185 642 4234 tamen
660 4175 791 4239 libenter
809 4197 891 4236 nuuc
914 4180 1042 4258 suscipit
1061 4183 1123 4242 ali·

55 4303 145 4342 orum
171 4302 273 4343 causas
302 4291 332 4342 ct
363 4283 395 4340 in
421 4282 487 4340 foro
504 4281 680 4360 frequenter
698 4291 843 4340 versatur.
886 4285 988 4358 Quia
982 4305 1055 4348 vero
1076 4295 1141 4375 est

54 4391 175 4466 ineptus
201 4389 238 4448 ad
263 4388 412 4450 eiusmodi
440 4389 560 4464 negotia
585 4405 686 4464 neque
711 4389 811 4445 omnia
840 4388 911 4446 satis
940 4397 1038 4466 potest
1066 4408 1125 4448 ex

967 4520 1008 4580 12
