3012 5182
658 385 695 444 41

54 581 60 593 ¹
141 622 248 695 quam
283 597 402 669 tardus
443 608 480 666 et
512 619 636 690 parum
669 595 787 667 efficax
821 597 885 664 sit:
931 597 1084 690 itemque
1130 596 1207 669 Sor·

141 729 241 797 vius¹
273 748 378 820 quarn
411 735 601 796 cunctator.
663 722 860 794 Cuiusmodi
892 733 994 817 putas
1028 721 1090 796 hos
1118 748 1207 812 usse,

142 867 204 926 aut
234 863 367 950 quam²
404 851 464 943 id,
498 851 590 947 quod
627 851 761 940 nolint,
787 849 952 923 conficere
976 873 1097 944 possa,
1121 852 1208 946 qui,

141 1005 232 1078 quau
248 981 251 1044 ἶ
267 983 438 1075 cupiunt,
473 992 609 1051 tamon³
643 980 691 1049 ita
727 978 848 1072 frigide
881 990 1011 1073 agunt,
1044 990 1085 1050 ut
1116 980 1209 1052 nolle

140 1106 410 1179 existimentur?
447 1106 480 1176 5.
504 1106 604 1178 Novis
627 1107 880 1200 magistratibus
904 1119 1045 1198 autem,
1067 1109 1096 1177 si
1130 1106 1209 1180 Pur

140 1237 277 1306 thioum
311 1234 440 1305 bellum
477 1235 564 1324 erit,
602 1234 687 1304 haec
722 1257 820 1304 causa
846 1236 975 1328 primos
997 1259 1128 1306 menses
1151 1259 1208 1308 oc·

141 1365 319 1461 oupabit..
347 1362 407 1433 Sin
450 1372 566 1434 autem
605 1369 673 1434 'aut
718 1387 786 1434 non
808 1363 888 1432 'erit
925 1363 1000 1432 istic
1037 1362 1210 1452 bellum,

139 1502 201 1562 aut
237 1500 374 1560 tantum
405 1490 467 1560 erit
479 1503 505 1578 ὅ,
543 1500 583 1560 ut
621 1513 680 1561 vos
705 1501 765 1561 aut
787 1511 993 1561 successoros
1019 1491 1130 1584 parvis
1152 1489 1210 1560 ad·

138 1617 222 1687 ditis
249 1617 372 1710 :copiis
414 1617 580 1688 sustinere
624 1618 774 1710 possint:
797 1615 998 1690 'Curionem
1035 1618 1135 1691 video
1172 1640 1208 1689 se

139 1747 328 1840 dupliciter
361 1748 589 1832 iactaturum
624 1747 800 1850 primum,
837 1756 878 1815 ut
912 1745 1044 1839 aliquid
1074 1745 1207 1816 Caesari
1316 1749 1321 1758 '

140 1875 293 1962 adimat3
325 1873 429 1946 indeo
452 1886 491 1944 ut
515 1872 646 1969 aliquid
671 1872 832 1967 Pompeio
855 1871 1011 1962 tribuat,
1036 1874 1205 1967 quodvisr

141 2002 333 2097 quamlibet
367 2014 470 2073 tenue
504 2001 761 2072 munusculum.
813 1997 953 2070 Paullus
986 2016 1113 2095 porro⁸
1136 2023 1207 2072 non

140 2131 290 2202 humana
327 2133 370 2204 de
404 2133 577 2228 provincia
615 2131 791 2226 loquitur:
818 2129 921 2201 huius
945 2127 1125 2222 cupiditati
1148 2149 1205 2198 oc·

138 2283 302 2330 cursurus
344 2271 396 2330 est
436 2260 582 2330 Furnius
617 2269 754 2345 noster3
790 2257 907 2350 plures
941 2255 1103 2350 suspicari
1137 2278 1206 2325 non

137 2408 289 2482 possum.
339 2382 377 2455 6.
402 2387 495 2457 Haec
515 2387 615 2458 novi:
639 2385 728 2468 alia,
751 2409 840 2479 quae
863 2393 1005 2480 possunt
1029 2382 1204 2474 accidere,

136 2538 206 2586 non
241 2538 352 2585 carno.
403 2515 511 2585 Multa
549 2527 685 2608 tompus
709 2512 851 2610 afferet3
874 2522 1072 2606 praeparata
1094 2511 1203 2582 multa

135 2644 243 2714 rescio
256 2656 285 2713 ⁹:
323 2642 383 2714 sed
421 2643 509 2713 intra
531 2642 616 2713 fines
636 2642 969 2736 hoo,1quaecunque
993 2640 1201 2730 acciderint,

136 2784 326 2843 vertentur.
378 2770 468 2842 Illud
495 2769 602 2841 addo:
637 2765 747 2868 [ad¹⁰]
783 2770 931 2839 actiones
956 2767 994 2838 C.
1021 2767 1200 2855 Curionis,

136 2897 184 2970 de
206 2923 286 2992 agro
305 2899 497 2994 Campano:
521 2897 565 2967 de
587 2920 657 2991 quo
679 2907 805 2989 negant
828 2895 1004 2965 Caesarem
1025 2895 1200 2985 laborare,

182 3136 223 3204 (1)
247 3153 282 3175 ⁴·-
307 3138 428 3190 Servium
449 3139 518 3190 viu.
540 3139 566 3190 2.
591 3138 685 3189 Lamb-
707 3136 801 3189 Grau.
822 3145 909 3188 contra
930 3133 983 3187 ld.
1020 3134 1060 3203 (2)
1083 3133 1127 3188 sio
1148 3134 1200 3187 lu.

134 3225 205 3277 viat.
230 3226 257 3276 2.
279 3226 375 3279 Bened.
391 3229 483 3296 -qarl
501 3228 569 3282 Ceti.
615 3229 655 3297 (3)
673 3244 774 3279 -om.
792 3225 963 3278 tammum.
999 3223 1039 3291 (l)
1055 3219 1100 3275 Sic
1119 3223 1202 3294 Neap.

131 3316 204 3367 Vter.
223 3316 237 3366 1
258 3318 321 3368 022.
337 3318 429 3370 Lamb.
446 3320 535 3370 -sr'n
552 3323 601 3369 aul
616 3320 651 3369 rit
666 3322 715 3369 aut
728 3333 782 3368 non
795 3319 845 3367 erit
858 3317 878 3365 i.
896 3315 920 3365 b·
932 3313 983 3364 ld.
1001 3312 1097 3363 Bened.
1113 3343 1148 3352 -
1162 3315 1205 3364 ain

93 3415 97 3421 ·
133 3408 224 3455 aulem
245 3423 299 3457 non
320 3410 371 3458 erit
395 3408 489 3460 Graev.
514 3407 577 3460 Ern-
603 3406 666 3459 soh.
703 3405 743 3475 (5)
768 3404 813 3457 Sic
837 3403 906 3454 viu.
923 3403 949 3455 2.
969 3401 1205 3470 Seqq.-autm

133 3497 194 3544 lum
217 3496 269 3546 erit
289 3495 340 3547 lld.
362 3525 396 3537 -
421 3502 470 3548 aut
492 3501 550 3548 tum
568 3498 620 3548 erit
644 3495 713 3548 Crat.
744 3494 811 3545 Υἱοῑ.
835 3492 859 3542 1.
898 3488 1201 3560 (u)--deindetamh.

135 3583 178 3651 (r)
194 3583 237 3636 su
251 3584 320 3637 crit.
337 3585 405 3637 vra.
422 3587 447 3638 a.
465 3586 555 3637 rimu.
572 3615 607 3628 -
622 3567 729 3654 pravo
740 3583 808 3636 ceo.
823 3599 885 3633 aum
898 3580 949 3633 ua.
986 3579 1026 3647 (o)
1050 3609 1085 3619 -
1104 3595 1203 3646 quoque

132 3671 221 3741 Hargo
247 3673 316 3726 Crat.
352 3675 392 3743 (9)
414 3673 459 3727 Sio
482 3675 571 3744 scripsi
595 3691 656 3725 oum
680 3672 748 3724 Υἱοῑ.
772 3672 818 3743 2,
846 3672 893 3738 qui
918 3679 1022 3720 lamen:
1046 3694 1081 3710 -
1101 3666 1204 3732 adseret

133 3767 245 3830 tempus.
267 3794 302 3804 κ-
323 3746 409 3815 mulla
433 3769 534 3832 tempus
556 3764 654 3829 afferre
677 3766 702 3813 el
719 3764 885 3829 praeparata
901 3759 987 3809 mullo
1002 3759 1082 3809 restio
1094 3756 1146 3807 lld.
1163 3758 1204 3825 (ia

33 3881 42 3894 ·
132 3855 215 3904 restio
229 3870 278 3923 pro
296 3855 403 3906 rescisco
418 3871 479 3905 sane
495 3852 661 3904 offendimus.
696 3850 806 3901 Fuitne:
823 3849 927 3911 multa,
948 3851 981 3897 ut
998 3849 1059 3897 scio.
1092 3845 1199 3912 SioEp.

131 3941 185 4004 12,
213 3940 241 4005 ἱ.
267 3944 291 3992 1.
321 3943 363 4011 [h.
390 3943 440 3996 lld.
459 3945 514 4010 Ep.
536 3940 605 3992 xxt.
630 3939 671 4006 1.]
696 3957 743 4007 pro
768 3942 853 4007 aprum
874 3936 1052 4005 reprenderem
1075 3932 1202 4002 probahi-

130 4030 193 4082 liter
212 4032 400 4084 emendarunt:
428 4033 513 4098 iprum
535 4034 568 4079 ul
592 4027 768 4096 prenderem.)
794 4054 829 4067 -
852 4043 887 4076 m.
909 4029 929 4075 l.
952 4025 1049 4090 afferre
1065 4027 1090 4073 el
1111 4041 1140 4090 p.
1165 4039 1199 4074 m.

127 4136 182 4172 esre
202 4122 254 4171 m'o
277 4120 361 4189 Neap.
384 4121 474 4188 Auliq.
498 4118 568 4172 Crat.
590 4117 659 4167 vict.
684 4115 708 4165 ἱ.
735 4115 832 4166 Bened.
855 4142 890 4156 -
911 4131 946 4164 m.
970 4118 990 4163 ἱ.
1009 4112 1106 4178 afferre
1126 4116 1151 4162 εἱ
1170 4130 1199 4179 p.

131 4210 219 4259 mulla
249 4211 302 4260 acio
324 4208 417 4261 Lamb.
440 4209 535 4261 Graav.
557 4206 620 4276 llrp.
644 4234 679 4246 -
698 4222 733 4256 m.
754 4209 775 4256 l.
801 4205 898 4271 afferre
918 4209 943 4254 el
955 4205 1122 4273 praeparata
1137 4217 1200 4251 mu-

131 4304 190 4349 tare
214 4304 238 4350 te
257 4301 402 4366 perspicere
421 4301 473 4349 scio
496 4315 529 4349 ex
548 4296 656 4348 immani
681 4294 801 4364 interpol.
825 4295 930 4346 locens.
947 4293 1008 4345 Soli.
1028 4293 1052 4342 2.
1090 4288 1146 4357 (1⁰)
1163 4307 1198 4338 ω

128 4387 183 4440 del.
197 4388 251 4452 od,
269 4399 357 4452 recle,
380 4398 457 4458 pulo,
483 4386 575 4440 Lamb.
592 4385 647 4452 llgo
669 4384 719 4450 []·
