2978 5186
858 376 919 437 146

365 585 430 644 lllll
449 585 618 665 epistolam.
644 557 743 653 ¹Idem
769 584 894 643 Victorii
917 581 1067 644 iudicium
1091 603 1146 644 suo
1167 603 1282 663 quoqne
1300 585 1391 647 ὓοιτιυε

365 691 554 751 confirmarit
574 693 607 749 in
625 692 704 750 notis
725 690 763 748 ad
779 689 871 768 Epist.
892 688 946 748 VII
967 689 1040 748 libri
1058 687 1154 748 VIII:
1166 687 1257 748 Caelii
1266 689 1390 770 epistolis,

366 795 394 852 si
424 797 500 853 tratti
527 805 637 871 essent,
654 795 834 876 singularem
852 794 1002 874 quandam
1015 812 1117 852 cernae
1132 793 1237 853 elehem
1257 827 1294 840 -
1310 795 1392 873 Neque

364 909 464 958 tamen
483 901 514 957 in
532 919 568 960 co
589 900 772 978 probandam
786 918 895 958 censeo
911 899 1002 958 Cortii
1023 899 1220 971 sententiam,
1239 899 1312 978 quod
1330 901 1390 958 nuti

366 1023 426 1062 non
453 1005 543 1064 babet
565 1005 656 1064 Caelii
686 1003 825 1083 epistolas
836 1049 845 1078 ‚
873 1011 908 1062 ut
928 1002 1107 1062 criticorum
1125 1003 1391 1063 emendationibnsa

357 1111 445 1166 uitiis
465 1119 633 1187 purgentur
643 1134 651 1187 3
672 1109 726 1168 sed
744 1108 807 1167 illis
825 1108 925 1167 verbis
936 1117 1054 1166 tantum
1063 1107 1301 1183 festinationem,
1319 1127 1390 1188 quan

366 1213 477 1273 fatetur
504 1218 553 1273 vir
578 1214 701 1283 doctus,
719 1231 861 1272 excusare
878 1211 985 1270 voluit.
1005 1245 1046 1258 -
1066 1211 1144 1270 Ante
1163 1212 1232 1272 illos
1250 1222 1338 1272 autem
1353 1214 1391 1270 in·

367 1329 509 1398 terpretes
523 1319 684 1378 H'nsrarrrus
700 1319 846 1390 Ceramus,
864 1317 1018 1395 antiquior
1036 1315 1146 1374 borum
1163 1305 1306 1377 librorum
1323 1319 1391 1377 inter·

365 1443 449 1499 pres,
477 1427 509 1482 in
535 1424 660 1503 epistola
677 1423 756 1482 libro
776 1430 882 1482 octavo
899 1417 937 1480 ad
956 1421 1136 1480 Accursiuun
1149 1422 1323 1501 praemissa,
1345 1423 1393 1480 iam

366 1529 566 1608 querebatur,
593 1529 676 1588 huuc
701 1529 813 1587 librum
839 1528 1040 1606 plurimarum
1063 1546 1164 1586 rerum
1193 1527 1355 1595 obscuritate
1369 1537 1393 1585 et

364 1635 439 1693 vitio
457 1633 649 1692 librariorum
670 1653 732 1692 erse
753 1632 917 1692 difficilem.
1141 1615 1143 1620 ,

403 1738 508 1797 Variae
534 1739 659 1817 quidem
690 1757 797 1797 causae
817 1737 955 1796 lectionis
972 1747 1132 1816 corruptae
1152 1735 1264 1797 adferri
1280 1747 1393 1816 possunt,

364 1855 412 1916 et,
432 1851 555 1922 ‘praeter
583 1843 784 1915 archaismos,
806 1861 882 1923 quoe
903 1843 1019 1902 Coelius
1040 1852 1133 1915 amat,
1161 1844 1253 1902 etium
1271 1842 1336 1901 baec
1349 1840 1393 1899 luit

365 1951 545 2028 praeprua,
566 1946 648 2027 quod
664 1946 756 2007 Caelii
774 1945 879 2005 literae
896 1948 934 2024 sd
949 1945 1121 2006 Ciceronem
1139 1946 1229 2007 datae
1247 1943 1392 2005 noneodem

355 2053 451 2114 ,modo
471 2053 519 2114 ab
546 2052 687 2112 omnibus
712 2051 846 2110 librariis
873 2051 1114 2130 colligebantur,
1134 2061 1167 2111 ut
1188 2053 1291 2112 statim
1305 2047 1394 2123 ridebi-

363 2176 450 2229 mus,
470 2175 569 2236 neque
586 2174 689 2214 omnes
707 2155 823 2216 librarii
838 2155 907 2214 illas
925 2173 997 2220 cum
1017 2155 1169 2216 Ciceronis
1187 2151 1393 2234 epistolissimnl

366 2260 578 2321 describendae
596 2260 766 2322 censebant.
795 2261 891 2335 Quare
906 2261 1005 2320 scriba
1021 2261 1194 2320 Dresdeusis
1214 2257 1396 2341 I,qnion1ni-

367 2366 425 2425 bns
445 2365 594 2425 Ciceronis
608 2363 695 2422 libris
705 2364 841 2424 Iudicem
852 2365 1046 2444 epistolarum
1057 2365 1208 2432 Ciceronis
1216 2363 1395 2444 praemiserat,

253 2500 257 2508 ¹
365 2470 423 2528 sub
443 2469 565 2528 initium
581 2468 675 2528 buius
686 2469 758 2528 libri
768 2472 867 2528 octavi
888 2469 979 2530 talem
995 2471 1097 2530 ourisit
1115 2470 1249 2529 indicem
1259 2513 1268 2544 ,
1285 2467 1396 2548 quamvis

367 2578 446 2653 ipsas
476 2574 568 2632 buius
587 2573 657 2630 libri
676 2567 815 2652 episitolas
832 2575 1031 2654 descripserit.
1072 2575 1109 2634 In
1130 2574 1287 2634 Ilresdensi
1304 2572 1337 2631 Ill
1355 2589 1399 2628 su·

365 2690 444 2750 tem,
462 2679 542 2738 sicut
559 2679 592 2736 in
610 2677 754 2755 Lipsiensi
776 2687 805 2736 et
825 2678 1053 2738 Guelferbitano
1068 2679 1098 2738 II
1118 2687 1148 2738 et
1166 2679 1252 2738 haud
1269 2677 1349 2738 dubie
1365 2683 1398 2734 et·

311 2845 317 2853 ,
363 2785 424 2844 ianr
435 2787 467 2841 iu
477 2783 545 2840 aliis
560 2780 715 2840 nonnullis
729 2782 820 2862 plane
837 2785 963 2844 omissae
976 2783 1207 2864 suntepistolae
1224 2783 1295 2844 libri
1309 2779 1395 2844 mari.

405 2891 543 2950 Ceterum
563 2888 611 2946 illi
632 2888 776 2948 Codicum
796 2890 953 2948 vitiositati
964 2890 996 2948 iu
1007 2889 1086 2948 libro
1097 2897 1202 2948 octavo
1213 2887 1315 2948 obrias
1323 2900 1395 2964 praru

366 3013 487 3077 quoqne
505 2995 538 3052 in
557 2993 662 3054 ordine
680 2993 881 3072 epistolarum
894 2993 1104 3054 constituendo
1119 2991 1262 3052 adhaeret
1272 2988 1398 3060 conlusio,

366 3101 455 3160 cuius
482 3097 606 3177 quidem
634 3098 739 3157 nullus
768 3097 931 3170 Codicum,
956 3117 1032 3179 quos
1061 3097 1194 3170 contuli,
1216 3097 1304 3177 plane
1318 3108 1400 3174 expers

366 3205 435 3264 fuir.
475 3204 512 3263 ln
536 3203 669 3264 secunda
698 3207 780 3264 enim
809 3205 882 3264 libri
906 3205 976 3264 VIII
994 3203 1121 3284 epistola
1138 3213 1205 3282 post
1219 3201 1324 3260 verba:
1344 3193 1400 3256 Via

365 3310 469 3384 modo,
498 3311 602 3388 inquis
621 3341 662 3356 --
682 3307 780 3368 Codex
811 3309 1017 3386 'longevicnsis
1041 3319 1071 3368 et
1098 3315 1230 3387 quatuor
1246 3303 1400 3366 Dresdenset

353 3415 521 3475 scribunt:
538 3414 614 3472 milri
632 3414 728 3472 literis
746 3415 921 3490 resecate,
937 3435 983 3472 me
1001 3414 1246 3472 inluminarum.
1263 3407 1307 3491 (i)
1344 3407 1402 3466 batt

366 3529 468 3580 antem
485 3527 557 3578 sunt
571 3519 661 3576 verba
682 3519 773 3596 Epist.
790 3518 847 3590 Ill,
867 3519 938 3578 libri
955 3519 1044 3594 VIII,
1060 3517 1091 3599 ς.
1101 3495 1161 3589 '10,
1187 3527 1218 3576 et
1232 3535 1303 3576 cum
1316 3515 1346 3572 in
1361 3528 1399 3568 ea·

366 3625 436 3683 dem
451 3643 530 3682 nona
546 3633 612 3681 tum
627 3625 660 3682 in
669 3614 952 3705 reliquieepistolis,
967 3612 1118 3705 quaeeem
1130 3597 1304 3700 excipiunt,
1314 3615 1401 3680 decri·

366 3728 475 3788 bondis
501 3737 632 3806 pergunt
654 3729 702 3787 illi
732 3729 873 3804 Codices,
898 3729 995 3789 donec
1020 3730 1060 3788 ad
1084 3727 1176 3806 Epist.
1203 3726 1270 3800 XV,
1296 3715 1402 3783 librili

367 3833 575 3914 pervenerint,
598 3833 651 3892 ubi
670 3835 729 3893 snb
745 3835 837 3894 finem
853 3835 923 3895 Cod.
944 3837 1067 3914 Torgav.
1084 3844 1151 3914 post
1169 3830 1280 3888 verba:
1298 3829 1326 3886 si
1343 3823 1404 3883 enin

400 4054 440 4121 (1)
474 4053 512 4103 ne
529 4070 558 4102 es
573 4053 722 4104 confusione
740 4058 859 4106 meminit
876 4058 954 4107 etiam
970 4058 1107 4108 decennius
1122 4059 1149 4108 in
1164 4044 1406 4124 annotationesdbd·

362 4144 446 4195 ride
462 4142 561 4192 ruodo
576 4145 710 4211 inquis.
745 4146 819 4196 Haec
836 4149 873 4196 est
888 4163 951 4196 nera
965 4147 1057 4208 lectio,
1076 4163 1156 4211 quum
1172 4162 1224 4196 nan
1239 4141 1407 4207 intelligentta,

287 4295 290 4302 ,
366 4233 502 4288 aaroni
515 4231 597 4282 deesse
604 4233 682 4282 verbs
692 4271 700 4296 ,
716 4251 782 4300 quur
792 4235 840 4284 ulii
847 4240 1036 4302 supposuerunt
1043 4237 1096 4286 sic:
1107 4235 1173 4286 vide
1181 4233 1258 4284 modo
1267 4233 1350 4300 inquis
1357 4223 1407 4278 mibi

366 4326 449 4378 literis
470 4321 606 4373 ostendens
629 4338 671 4372 me
692 4325 739 4373 isto
755 4324 896 4374 missurum
910 4323 981 4376 elios.
1015 4326 1073 4375 Alii
1089 4327 1141 4376 sic:
1156 4323 1221 4374 Vide
1238 4323 1316 4374 modo
1330 4313 1409 4384 iniqua

365 4415 431 4468 mibi
446 4423 495 4466 cet.
510 4411 654 4478 labemque
671 4416 730 4464 ante
743 4413 808 4465 lianc
825 4413 944 4480 immolas
957 4419 1030 4480 octo,
1051 4431 1118 4482 qaas
1132 4414 1190 4466 aliis
1204 4413 1368 4480 postponunt.
