3034 5166
614 656 884 716 ueratrum
935 654 1077 715 ml·

716 755 760 822 (aa
778 755 850 806 uam.
871 753 939 804 vm.
956 754 1010 821 u.)

697 940 994 1010 Argumentum.

356 1125 472 1246 Quum
492 1153 612 1228 Cicero,
632 1154 733 1211 missis
754 1152 793 1210 ad
816 1159 956 1211 senatum
972 1149 1070 1209 literis
1089 1147 1147 1232 (uf.
1169 1147 1208 1208 ad
1224 1148 1305 1208 llam.
1327 1145 1386 1208 XV.

318 1257 355 1318 10
377 1268 407 1318 et
431 1255 491 1340 13.)
511 1257 750 1337 supplicationes
770 1276 826 1336 pro
844 1275 878 1315 re
898 1257 931 1313 in
946 1252 1063 1315 Amano
1083 1262 1186 1314 monte
1206 1254 1285 1314 bene
1302 1261 1386 1331 gesta

314 1363 508 1442 postulasset,
525 1361 556 1423 G.
574 1362 683 1436 Curio,
703 1359 971 1439 tribunusplebis,
989 1359 1142 1418 Ciceronis
1152 1357 1388 1437 cupidissimus,

315 1468 411 1526 iratus
431 1469 566 1537 senatui,
589 1465 674 1547 quod
693 1467 721 1526 ei
741 1473 873 1545 potestas
893 1463 1003 1542 agendi
1023 1482 1095 1523 oum
1116 1462 1229 1542 populo
1255 1461 1391 1539 eripere·

314 1578 367 1628 tur
372 1613 383 1654 ,
403 1569 471 1628 fieri
487 1579 608 1630 senatue
627 1569 801 1628 consultum
822 1569 862 1629 de
880 1567 1157 1646 supplicationibus
1174 1583 1236 1626 nou
1254 1564 1387 1644 patieba-

316 1683 376 1731 tur.
418 1674 572 1733 Postremo
590 1682 717 1733 veutum
737 1682 782 1732 est
798 1671 836 1731 ad
846 1671 1018 1750 pactionem
1027 1713 1038 1746 ,
1047 1672 1243 1749 permittente
1257 1669 1388 1729 Curione

315 1784 439 1836 senatus
459 1777 636 1837 consultum
664 1777 752 1852 fieri,
773 1775 864 1835 modo
882 1775 986 1834 nullae
1005 1782 1160 1854 praeterea
1180 1776 1212 1833 iu
1232 1773 1388 1851 reliquum

317 1898 432 1939 annum
461 1881 701 1960 supplicationes
729 1881 928 1959 eriperentur.
970 1879 1035 1953 Qua
1062 1886 1124 1937 tota
1150 1877 1190 1936 de
1215 1896 1268 1950 re,
1294 1882 1325 1934 et
1349 1873 1389 1932 de

316 1985 468 2063 cuiusque
497 1989 646 2046 sententia
674 2005 710 2044 ac
727 1985 886 2044 voluntate
902 1984 1067 2061 diligenter
1083 1982 1202 2044 (laelius
1216 1980 1391 2060 perscribit.

314 2086 393 2166 Ergo
419 2089 561 2148 hortatur
588 2090 762 2150 Ciceronem
785 2098 820 2146 ut
847 2105 902 2165 pro
925 2105 982 2145 suo
1008 2088 1122 2164 cuique
1148 2087 1258 2145 merito
1276 2086 1389 2163 gratias

315 2198 404 2266 agat:
425 2190 532 2248 Paullo
560 2200 591 2250 et
619 2189 760 2249 llareello
781 2206 856 2247 coss.
874 2188 958 2267 quod
978 2188 1094 2247 decreti
1113 2197 1253 2248 auctores
1270 2188 1389 2248 fuerint

317 2289 347 2372 §.
371 2290 397 2350 1.
439 2293 544 2368 llirro,
576 2293 698 2368 Catoni,
727 2280 858 2352 Favonio
876 2299 907 2350 et
925 2291 1069 2366 Curioni,
1089 2293 1192 2371 quod,
1213 2311 1313 2372 quum
1333 2294 1390 2351 im·
1483 2369 1484 2372 Ἴ

316 2393 424 2472 pedire
456 2406 596 2474 possent,
634 2416 690 2476 pro
717 2414 772 2456 sua
797 2397 949 2454 sententia
982 2414 1044 2455 uon
1075 2397 1280 2475 pugnaverint
1303 2395 1334 2477 ς.
1361 2395 1391 2456 2.

318 2497 431 2558 Furnio
451 2508 555 2559 autem
570 2508 600 2559 et
617 2500 748 2560 Lentulo
769 2507 801 2559 et
826 2499 918 2558 balbo
934 2507 1059 2579 propter
1077 2501 1231 2578 egregiam
1251 2499 1392 2577 singulo-

316 2620 388 2660 rum
416 2620 539 2680 operam
558 2602 590 2684 §,
609 2603 639 2663 3.
680 2603 820 2664 llomitiis
846 2613 876 2663 et
901 2596 1109 2683 Scipionibus,
1125 2605 1199 2684 qui,
1216 2623 1315 2683 quum
1335 2603 1394 2664 de·
1482 2671 1483 2674 Ἴ

317 2705 501 2782 crevissent,
524 2707 634 2767 confici
662 2706 825 2783 nolebant,
853 2725 1032 2786 responsum
1058 2728 1123 2768 esse
1151 2709 1194 2767 ait
1221 2708 1392 2768 allusione
1482 2723 1483 2742 l

317 2806 346 2889 §.
365 2807 395 2868 4.
435 2810 528 2870 Porro
552 2813 597 2871 rei
623 2811 766 2890 publicae
792 2818 905 2870 statum
934 2811 1096 2890 describit3
1117 2811 1197 2870 nihil
1217 2812 1268 2890 agi
1285 2811 1391 2872 diceus

319 2914 379 2972 uisi
398 2933 521 2974 causam
539 2917 769 2995 provinciarum
787 2925 818 2976 et
831 2934 973 2995 maguam
992 2935 1056 2975 esse
1074 2917 1300 2977 contentionem
1311 2918 1393 2976 inter

318 3014 497 3094 Pompeium
525 3025 555 3076 et
575 3018 738 3078 (lurionem
755 3019 794 3078 de
812 3038 987 3080 successore
1006 3019 1124 3079 Caesari
1142 3020 1293 3081 mittendo
1310 3020 1342 3103 §.
1362 3024 1391 3082 6.

318 3117 434 3178 Deinde
449 3120 602 3198 siguificat
621 3121 699 3200 quid
718 3122 751 3180 iu
769 3123 989 3182 commentario
1008 3142 1112 3184 rerum
1126 3125 1334 3199 urbanarum,
1355 3127 1394 3184 si·

320 3220 387 3279 mul
413 3241 485 3281 cum
513 3223 571 3283 hao
598 3223 731 3303 Epistola
760 3225 874 3298 misso,
896 3224 1055 3304 collegerit
1079 3225 1109 3306 ς.
1123 3225 1152 3288 6.
1169 3236 1199 3287 et
1209 3247 1265 3307 pro
1284 3236 1394 3288 curato

321 3325 450 3390 Sittiano
465 3329 587 3408 negotio
607 3329 719 3408 gratias
735 3328 799 3407 agit
817 3326 848 3409 ς.
866 3327 895 3388 7.

362 3540 491 3599 Videtur
511 3540 624 3617 scripta
642 3557 706 3598 csse
726 3557 831 3599 mense
851 3539 941 3599 luuio
951 3556 969 3618 ς’
982 3560 1080 3619 quum
1098 3539 1202 3600 Cicero
1219 3538 1259 3598 de
1278 3539 1397 3618 suppli·

239 3685 241 3690 -
322 3642 494 3704 cationibus
520 3642 581 3701 iam
610 3643 737 3701 rescisse
763 3641 905 3702 rideatur
927 3661 1031 3703 mense
1045 3643 1175 3718 Quintili
1196 3644 1240 3702 sic
1257 3643 1397 3702 scribens

322 3748 362 3808 ad
385 3745 522 3806 Atticum
548 3743 612 3825 (vl.
640 3744 669 3803 7.
691 3743 734 3826 2.)
775 3743 915 3804 Rhodum
930 3745 996 3806 colo
1010 3765 1170 3825 puerorum
1193 3767 1305 3805 conso:
1323 3747 1397 3806 iude

323 3851 561 3931 quamprimum
590 3849 744 3908 Athenas:
773 3852 830 3909 etsi
849 3849 970 3910 Etesiae
995 3851 1080 3909 valde
1100 3841 1228 3931 reflant:
1243 3851 1295 3909 sed
1303 3850 1399 3930 plone

323 3949 388 4015 colo
419 3954 466 4013 hir
494 3954 739 4034 magistratibus,
769 3974 893 4034 quorum
922 3954 1102 4013 volontatem
1121 3956 1157 4012 io
1178 3955 1398 4035 supplicatione

323 4041 389 4120 sum
408 4067 553 4138 oupertus.
594 4059 672 4120 llaec
691 4062 774 4122 euim
793 4060 942 4140 Epistola,
971 4066 1095 4138 propter
1108 4076 1157 4118 res
1173 4060 1300 4139 utrique
1315 4077 1400 4119 com·

321 4149 447 4237 munes,
482 4161 565 4220 Tarsi
596 4161 719 4224 videtur
745 4165 859 4242 scripta
891 4183 954 4222 uno
977 4162 1042 4224 lere
1069 4173 1204 4242 tempore
1233 4182 1297 4242 quo
1328 4164 1397 4242 epi·

323 4269 401 4330 stola
427 4267 466 4326 ad
497 4265 658 4325 Caninium
687 4265 739 4344 (ad
757 4259 838 4327 Fam.
860 4267 899 4326 11.
923 4264 983 4346 17.)
1002 4267 1074 4328 data
1094 4288 1121 4328 a.
1139 4267 1169 4327 d.
1188 4288 1247 4328 xm.
1267 4266 1398 4328 Kalend.

322 4372 457 4434 Sextiles.
