2978 5186
642 393 704 454 197

596 655 761 683 ..110οι-

448 843 666 903 EPIM'.
722 845 893 905 1111.

154 1035 257 1116 'Apte
287 1031 322 1092 ad
355 1034 506 1093 Ciceronis
534 1034 723 1114 proconsulis
753 1054 911 1114 personam
937 1045 967 1095 et
992 1033 1124 1113 graviter
1153 1057 1206 1094 ex»
1222 1081 1237 1087 -

95 1151 99 1158 ’
137 1141 285 1219 primitur
302 1139 441 1219 voluptas
451 1182 461 1214 ,
478 1157 539 1217 qua
559 1138 677 1211 caruit,
698 1137 750 1197 sed
772 1140 877 1219 paullo
897 1140 1020 1218 gravius
1041 1149 1070 1199 et
1089 1142 1204 1218 magni-

136 1245 281 1305 ficentius
300 1263 390 1324 qnam
406 1264 461 1323 pro
483 1263 524 1302 re.
554 1243 662 1303 Contra
679 1241 828 1322 frigidum
851 1253 880 1303 et
898 1244 1034 1313 humile:
1054 1264 1207 1324 uunquam

137 1351 199 1408 tibi
219 1351 298 1409 oculi
315 1349 494 1420 doluissent,
515 1367 588 1428 pro:
611 1356 691 1408 certe
724 1348 894 1410 iucundum
923 1349 1130 1429 spectaculum
1153 1350 1204 1412 ba.-

135 1457 284 1516 bnissent.
326 1455 439 1513 Similis
470 1453 566 1512 litatis
592 1474 647 1533 per
674 1457 866 1532 negationem
896 1465 940 1512 est
967 1452 1019 1533 Ep.
1045 1453 1093 1514 lt.
1116 1453 1145 1535 §
1174 1454 1205 1512 2.

137 1558 416 1640 [s.na..v.§.1.]
504 1635 506 1642 Ι
589 1539 592 1546 ’
1078 1559 1201 1621 suasa

174 1664 205 1746 §.
228 1665 255 1724 1.
297 1662 375 1722 tibi
404 1649 512 1721 oculi
533 1663 764 1724 doluissent.
807 1663 855 1722 Sic
876 1663 957 1742 apud
978 1661 1151 1722 Terentium
1168 1663 1201 1721 in

134 1770 256 1830 Phorm.
291 1768 325 1826 V.
363 1767 391 1827 8.
428 1766 476 1826 63.
531 1765 601 1824 Vin'
624 1769 758 1847 primum
786 1767 873 1826 lodie
895 1768 1019 1848 facere,
1048 1767 1125 1846 quod
1151 1786 1203 1848 ego

133 1873 300 1958 gaudeam,
323 1871 530 1943 Nausistrata,
549 1881 577 1928 et
594 1871 731 1949 quedtuc
742 1873 807 1929 aira
818 1872 900 1930 oculi
908 1871 1047 1929 doleant?
1097 1849 1200 1932 llsmr.

176 1977 308 2036 stadia
323 1997 366 2035 ee
377 1979 551 2057 partium
568 1996 686 2035 sensu.
714 1976 798 2035 Idem
822 1977 958 2049 dicatur,
980 1976 1031 2034 sed
1055 1979 1149 2054 magis
1166 1998 1203 2034 ex

132 2101 193 2142 usn
212 2081 353 2160 linguae,
370 2084 395 2140 si
414 2083 565 2141 invertas:
586 2102 688 2140 sensus
709 2101 744 2138 ee
756 2083 892 2160 partium
912 2080 1031 2140 studiis.
1073 2083 1198 2141 Weisse.

171 2190 368 2267 perpauci
386 2187 722 2246 necessitudinem
740 2187 866 2246 secuti
889 2186 1201 2265 afficiumpras·

133 2293 336 2350 stiterunt.
380 2289 537 2369 Officium,
562 2292 680 2370 inquit,
708 2291 853 2370 perpauci
865 2293 1099 2369 praestiterunt:
1121 2297 1201 2356 amis

131 2398 225 2455 citios
254 2397 356 2456 nahita
384 2398 463 2454 ratic
493 2407 545 2454 est.
586 2395 697 2454 Verum
726 2395 785 2453 hoc
811 2397 855 2454 ita
873 2394 992 2455 Coelius
1013 2398 1199 2476 implicavit,

130 2511 167 2560 ut
198 2522 234 2560 ex
265 2501 338 2580 ipsis
366 2519 425 2559 non
454 2499 544 2558 facile
573 2499 673 2558 verbis
703 2501 899 2578 exprimatur.
941 2502 1015 2560 Nam
1035 2506 1198 2562 necessitu-

131 2605 231 2664 dinem
259 2607 352 2663 secuti
381 2625 441 2664 non
469 2613 514 2662 est
544 2604 626 2662 unde
651 2604 801 2683 pendeat,
830 2605 887 2662 nisi
909 2605 1058 2665 referatur
1079 2607 1115 2665 ad
1128 2630 1201 2687 per-

124 2711 231 2790 pauci.
274 2710 357 2785 Quod
380 2711 404 2767 si
426 2712 465 2769 sit
475 2754 484 2785 ,
509 2710 654 2789 perpauci
673 2710 862 2768 videbuntur
876 2713 1132 2771 necessitudinem
1151 2734 1199 2772 se·

109 2815 111 2822 '
129 2817 215 2874 cuti:
239 2834 311 2873 cum
327 2825 428 2873 tamen
447 2817 598 2873 contraria
616 2815 656 2872 sit
674 2815 834 2872 sententia.
877 2813 997 2872 Constat
1019 2819 1099 2875 enim
1120 2818 1198 2892 dici,

127 2938 295 3000 perpaucos
317 2919 448 2978 officium
466 2918 669 2998 praestitisse,
690 2919 761 2999 quia
782 2918 921 2997 plerique
938 2921 1193 2980 necessitudinem

128 3026 226 3084 secuti
248 3025 317 3083 sint.
682 3029 685 3040 ’
1095 3011 1197 3092 llsisrr.

167 3131 332 3210 gavisos
361 3129 537 3187 domines
565 3149 671 3187 suum
697 3129 878 3187 dolorem.
920 3128 1012 3208 Epist.
1033 3130 1062 3192 2.
1090 3129 1131 3212 [b
1156 3131 1198 3213 l.]

126 3235 227 3312 dixit,
242 3235 388 3316 gaudium
402 3235 607 3316 gauderemus.
1093 3237 1195 3297 mm

169 3340 267 3419 quod
289 3340 487 3398 iudicium
511 3349 568 3399 cet.
610 3339 688 3416 lega
709 3339 859 3397 librorum
877 3341 1072 3418 antiquorum
1095 3349 1198 3404 aucto<

124 3446 234 3504 ritate:
267 3445 345 3523 quod
371 3445 521 3502 iudicium
541 3463 601 3502 non
621 3445 836 3523 suspectatione
857 3445 934 3501 inest
951 3445 1041 3501 etiam
1062 3445 1096 3501 in
1117 3444 1193 3502 bona
1297 3513 1299 3518 Ι

123 3567 185 3627 spe.
226 3549 360 3622 Quorum
395 3550 557 3609 verborum
594 3567 698 3608 sensus
734 3558 797 3607 est:
824 3547 902 3606 illud
935 3548 1086 3607 iudicium
1112 3571 1195 3610 nnnc

124 3672 250 3733 quoqne
291 3662 336 3712 est
373 3655 405 3712 in
443 3655 523 3713 bana
554 3673 623 3733 spe,
658 3651 741 3725 fore,
767 3660 802 3711 ut
830 3653 929 3712 simile
956 3652 1020 3714 Sex.
1047 3653 1195 3714 Peducaei

123 3759 244 3818 indicio
270 3760 393 3831 evadat,
420 3780 606 3840 quamquam
638 3760 696 3818 hoc
715 3778 806 3818 nemo
827 3769 914 3818 antea
945 3759 1136 3838 exspectabat
1157 3759 1195 3819 (le

122 3865 181 3924 illo
216 3864 269 3926 Cn.
304 3866 484 3936 Saturnino,
520 3865 645 3924 Antonii
671 3867 796 3943 quidem
825 3865 960 3924 studioso
989 3865 1113 3924 bomine
1141 3865 1206 3924 secl

121 3969 215 4028 valde
245 3969 404 4029 invidioso,
445 3971 561 4030 Iterum
581 3969 728 4049 loquendi
744 3968 895 4038 brevitas,
911 3967 1013 4027 Coelio
1033 3980 1193 4044 corisucta,

121 4075 340 4135 obscuritatem
372 4077 497 4155 peperit.
539 4075 612 4134 Nam
645 4074 697 4132 alii
730 4073 807 4132 farte
826 4073 968 4152 pluribus
987 4075 1192 4152 scripsissent:

120 4181 189 4239 sine
227 4179 290 4238 ulia
324 4181 475 4239 lominum
514 4181 745 4260 suspectatione,
786 4188 838 4238 ant
866 4178 960 4237 simili
992 4177 1081 4238 modo
1112 4177 1190 4236 hano

117 4287 302 4346 sententiam
334 4287 446 4345 clarius
474 4286 695 4365 expressissent.
1050 4281 1200 4350 Bessnscr.

160 4388 188 4470 §2
212 4389 243 4449 2.
288 4391 355 4450 Sic
382 4393 395 4449 i
405 4391 456 4449 lli
486 4411 633 4449 amores
664 4399 723 4451 cet.
763 4390 911 4470 Perquam
941 4387 1104 4467 pulchrum
1132 4389 1193 4465 epi·
