3034 5166
803 375 867 434 108

304 583 400 657 datis,
420 579 615 660 gladiatoriae
635 577 770 637 familiae
790 578 935 655 reliquias
955 575 1104 656 habebat,
1132 575 1192 634 sibi
1211 577 1377 638 coniunxit

302 693 394 764 atque
425 701 496 740 eum
523 682 556 738 in
573 679 743 739 Thurinum
763 678 802 738 ad
821 679 1029 740 sollicitandos
1045 686 1180 756 pastores
1197 681 1368 757 praemisit.

302 787 371 865 lpse
400 803 496 865 quum
528 782 693 842 Casilinum
720 785 851 842 venisset
862 826 872 858 ,
896 801 1020 860 unoque
1038 789 1174 859 tempore
1193 784 1281 860 signu
1301 785 1372 842 eius

303 887 449 946 militaria
478 895 570 965 atque
595 906 677 945 arma
706 886 824 965 Capuae
849 894 948 946 esseut
968 886 1183 964 comprehensa
1204 895 1235 945 et
1251 886 1374 947 familia

303 989 428 1068 Neapoli
448 991 532 1058 visa.
550 999 641 1069 atque
660 988 793 1067 proditio
810 989 915 1068 oppidi
929 989 1105 1067 adpareret,
1126 989 1286 1068 patefactis
1302 1009 1376 1049 eon·

303 1095 400 1164 siliis,
421 1092 563 1152 exclusus
578 1092 679 1170 Capua
699 1101 729 1151 et
748 1092 921 1170 perieulum
940 1095 1075 1168 veritus,
1104 1092 1188 1171 quod
1205 1100 1377 1152 conventus

305 1214 388 1256 arma
414 1203 535 1274 ceperat
561 1203 653 1275 atqua
673 1215 744 1254 eum
765 1195 860 1254 bostis
880 1195 948 1254 loeo
963 1194 1141 1256 habendum
1160 1195 1378 1270 existimabat,

305 1299 434 1360 eolrsilio
450 1297 568 1356 destitit
587 1305 679 1377 atque
700 1315 736 1356 eo
756 1298 866 1355 itinere
883 1315 947 1356 sese
967 1300 1085 1358 avertit.

347 1400 386 1485 (e.
407 1400 470 1482 22.)
510 1402 640 1462 Interim
656 1400 748 1476 llilo,
772 1400 905 1459 dimissis
930 1402 1048 1460 eireum
1070 1402 1240 1479 municipia
1260 1400 1378 1477 literis,

306 1526 358 1583 es,
387 1525 466 1584 quae
485 1505 617 1579 faeeret,
637 1505 723 1564 iussu
743 1512 835 1582 atque
852 1505 981 1582 imperio
998 1503 1098 1565 faeere
1119 1503 1275 1582 Pompeii,
1298 1525 1380 1584 quae

306 1608 449 1668 mandata
466 1607 505 1666 ad
523 1626 555 1666 se
572 1625 625 1684 per
642 1606 789 1665 Bibulum
800 1605 900 1665 delata
916 1617 1033 1681 essent,
1046 1625 1123 1684 quos
1137 1627 1174 1666 ex
1195 1627 1265 1668 aere
1275 1609 1377 1670 alieno

306 1712 444 1773 laborare
473 1709 694 1786 arbitrabatur,
720 1709 913 1768 sollieitabat.
954 1707 1046 1787 Apud
1073 1729 1150 1788 quos
1167 1731 1266 1789 quum
1287 1711 1380 1790 profi·

306 1833 375 1876 cere
397 1813 476 1874 nihil
505 1822 623 1892 posset,
650 1812 837 1893 quibusdam
863 1813 971 1872 solutis
1001 1814 1178 1892 ergastulis,
1210 1814 1314 1873 Cosam
1340 1817 1378 1874 in

306 1938 378 1999 agro
398 1919 533 1978 Thurino
547 1937 722 1998 oppugnare
740 1918 849 1998 eoepit.
879 1916 921 1976 Eo
940 1936 1037 1996 quum
1053 1937 1070 1976 a
1085 1919 1117 1993 Q.
1134 1916 1227 1977 Pedio
1237 1927 1377 1994 praetore

306 2042 379 2084 eum
404 2021 577 2101 legionen
599 2022 702 2100 lapide
727 2023 808 2080 intus
833 2041 870 2080 ex
900 2039 1008 2095 muro,
1037 2021 1145 2099 periit:
1173 2030 1203 2080 et
1235 2021 1378 2099 Coelius,

307 2127 479 2207 profectus,
498 2134 533 2184 ut
553 2124 731 2199 dictitabat,
749 2125 788 2183 ad
806 2125 979 2199 Caesarem,
1000 2119 1138 2201 persenit
1147 2124 1292 2185 Thurios:
1306 2127 1360 2186 ubi
1366 2169 1377 2200 ,

306 2249 404 2311 quum
434 2227 582 2308 quosdam
607 2229 673 2287 eius
690 2228 852 2305 municipii
866 2227 1043 2286 sollieitaret
1064 2228 1282 2309 equitibusque
1301 2230 1380 2290 Gae-

307 2336 382 2394 saris
402 2332 496 2392 Gallis
515 2339 606 2411 atque
626 2330 784 2408 Hispanis,
800 2332 855 2411 qui
876 2329 1165 2408 eupraesidiioausa
1177 2333 1262 2390 missi
1272 2341 1379 2409 eraut,

308 2439 469 2516 peeuuiam
490 2434 706 2513 polliceretur,
722 2433 761 2492 ab
778 2435 816 2492 iis
837 2442 882 2492 est
899 2433 1086 2494 interfeetus.
1127 2434 1175 2494 Ita
1194 2455 1381 2513 magnarum

307 2540 397 2599 initia
422 2557 524 2598 rerum
535 2581 544 2612 ,
576 2557 655 2616 quae
675 2539 876 2616 oeoupationa
892 2537 1134 2614 ‘magistratuum
1155 2546 1185 2596 et
1202 2546 1378 2616 temporum

307 2642 470 2704 sollieitam
500 2642 621 2704 Italiam
651 2641 825 2718 habebant,
853 2641 984 2702 celerem
1002 2650 1032 2700 et
1050 2641 1172 2701 facilem
1192 2643 1309 2704 exitum
1325 2643 1380 2703 ba·

306 2746 449 2807 buerunt.

656 2827 806 2900 Crenaeus,
831 2826 925 2887 Coras.
948 2828 1051 2888 LVIII.

621 2934 662 2992 od
684 2931 818 2992 Coelium
839 2933 874 2990 de
893 2931 1002 2991 Lesbio
1012 2930 1066 3013 (1)

491 3056 589 3127 Caeli,
609 3057 716 3116 Lesbia
736 3067 853 3129 nostra,
875 3059 981 3118 Lesbia
1001 3060 1073 3132 illa,

490 3159 548 3218 Illa
568 3153 692 3233 Lesbia,
712 3179 805 3240 quam
826 3160 962 3220 Catullus
984 3181 1076 3220 unam

490 3262 562 3322 Plus
582 3281 676 3342 quam
697 3281 729 3320 se
750 3272 841 3340 atque
860 3281 930 3322 suos
949 3265 1062 3324 amavit
1082 3283 1207 3335 omnes,

490 3367 578 3426 Nune
599 3367 632 3425 in
653 3367 821 3446 quadriviis
843 3375 872 3425 et
893 3370 1059 3446 angiportis

493 3471 600 3530 Glubit
620 3472 827 3549 magnanimos
848 3470 934 3531 llemi
955 3481 1088 3552 nepotes.

288 3631 533 3649 μ

341 3709 381 3777 (l)
418 3707 492 3775 Quod
501 3707 533 3757 ed
542 3720 641 3756 amores
649 3704 771 3770 pertinet,
784 3704 812 3753 in
824 3704 920 3772 quibus
929 3706 1021 3758 fatetur
1029 3706 1119 3759 Cicero
1128 3707 1247 3759 Caelium
1255 3708 1384 3776 aliquau-

305 3799 477 3850 deversatum
485 3796 581 3846 luisse:
596 3791 828 3844 ridendumestru
837 3792 941 3844 Caelius
956 3793 1050 3846 Catulli
1059 3796 1147 3847 rivulis
1154 3798 1241 3848 luerit.
1262 3798 1384 3857 Sinam-

240 3933 293 3974 Γ,
306 3903 358 3955 que
373 3902 465 3937 verum
481 3893 529 3948 est,
546 3882 618 3951 quod
634 3881 764 3950 proditum
778 3883 918 3933 memoriae
935 3892 973 3932 est
985 3883 1018 3932 ab
1031 3882 1142 3950 Apuleio
1162 3885 1254 3952 [Apol.
1262 3903 1289 3952 p.
1300 3886 1381 3954 tta]

307 3992 387 4043 quam
410 3973 530 4024 Lesbiam
552 3981 627 4040 poeta
650 3969 711 4020 fioto
736 3971 842 4020 nomine
868 3969 995 4037 appellat,
1018 3970 1097 4021 luisse
1116 3973 1249 4035 Clodiam,
1268 3974 1314 4024 aix
1327 3975 1385 4024 du-

307 4063 388 4114 bitare
409 4061 441 4112 de
462 4061 511 4111 boe
532 4076 679 4127 possumus.
723 4059 891 4109 Familiaritae
917 4060 989 4107 euim
1015 4061 1149 4129 praecipue
1168 4060 1292 4126 Clodiae,
1310 4063 1387 4128 quod

307 4162 392 4222 aperte
416 4158 501 4200 marat
518 4147 627 4211 Cicero,
655 4146 790 4197 iufamium
819 4145 903 4196 attulit
927 4143 1033 4195 Caelio:
1048 4163 1174 4217 causaque
1193 4149 1243 4199 fuit
1261 4151 1388 4202 omnium

308 4243 389 4311 ipsius
409 4238 547 4290 malorum.
580 4234 649 4287 cum
671 4237 743 4286 euim
766 4235 994 4304 eodem'tempore
1011 4236 1139 4302 vixerint,
1157 4237 1302 4306 Clodiaque
1319 4238 1391 4290 haee

309 4327 440 4399 impudioe
461 4323 555 4378 muilier
578 4322 675 4386 luerit,
704 4332 729 4374 et
750 4321 892 4374 multorum
914 4321 1114 4376 adolescentium
1135 4343 1220 4379 amore
1244 4325 1386 4394 flagraril,

292 4840 1052 5128 ,ΠΛ
