2978 5186
387 791 645 852 Frtderloi
670 797 918 855 Elleudm
947 799 951 810 “

520 949 793 1006 ΒΙΒΡΠΤΑῊΟ

244 1338 247 1342 .
339 1267 388 1344 or.
444 1267 1023 1368 unumunurn.»
1118 1333 1119 1338 Ν

205 1397 259 1462 (int
280 1397 374 1446 Brevis
390 1397 562 1462 Eloquentiae
579 1401 716 1456 Romanae
734 1401 794 1448 onte
813 1399 935 1450 Caesares
953 1401 1091 1465 Historia,

224 1487 363 1552 praemisso
381 1485 495 1537 Editioni
513 1486 645 1538 Ciceronis
662 1485 694 1537 de
712 1486 785 1538 eloris
803 1487 944 1540 oratoribus
963 1488 989 1553 l·
1008 1491 1062 1557 51).)

503 1681 725 1723 --aemu-

151 1817 283 1916 DeM.
295 1853 487 1935 CoelioRuso
496 1867 565 1916 outo
574 1877 626 1916 noe
636 1858 715 1918 elisit
725 1860 774 1916 vir
783 1861 993 1918 meritissimus
1002 1859 1042 1922 P.
1055 1861 1178 1924 Monu-

110 1963 210 2035 ts'us,
228 1963 378 2040 prooemii
394 1964 492 2020 instar
506 1962 572 2020 eius
592 1963 686 2020 vitam
707 1942 927 2024 oommntoriis
948 1967 1012 2023 suis
1024 1967 1179 2028 inlihrum

113 2065 207 2125 VIII.
235 2046 426 2145 epistolarum
439 2042 490 2124 ⁴ool
509 2064 652 2125 Diversos
667 2069 846 2150 praefigens.
891 2068 984 2129 Cuius
1001 2073 1063 2130 oiri
1083 2076 1179 2153 copiis

77 2152 84 2167 ¹
109 2175 153 2232 ito
174 2183 314 2244 utamur„
330 2183 381 2247 αἱ,
399 2177 540 2250 quantum
553 2183 651 2250 potest
662 2173 738 2252 fieri
748 2220 757 2251 ‚
774 2196 849 2254 quoe
866 2174 918 2235 ille
939 2179 1039 2258 tetigit
1048 2221 1058 2254 ,
1073 2178 1176 2259 pleni-

109 2298 159 2337 ora
180 2255 310 2335 reddore-
322 2277 500 2346 studeamus.

145 2443 224 2502 Ceus
245 2441 343 2500 Caelia
365 2444 491 2500 summis
510 2443 676 2502 honoribus
694 2444 799 2504 innota
817 2465 878 2503 uon
898 2454 943 2504 est
964 2456 1034 2506 ente
1054 2447 1084 2507 C.
1099 2448 1173 2508 Cae-

106 2545 197 2605 lium.
212 2545 339 2604 Culduni
367 2547 521 2628 consulein
553 2567 624 2606 oum
644 2547 695 2606 Cu.
713 2531 844 2608 Domitio
863 2569 889 2608 u.
908 2545 988 2628 6603
1008 2551 1061 2610 sed
1082 2551 1173 2614 huius

104 2651 235 2720 familia,
257 2647 347 2710 ouius
358 2654 448 2710 etiam
469 2651 551 2729 apud
569 2651 743 2712 Ciceronem
761 2655 880 2734 saepius
896 2655 1011 2712 mentio
1028 2655 1083 2732 fit,
1101 2677 1173 2718 eum

105 2756 204 2816 Caelio
215 2766 333 2840 oratore
350 2755 437 2838 nulla
455 2745 634 2834 doguutione
651 2760 755 2818 iuuotn
766 2758 826 2818 fuit
837 2757 892 2841 (1).
907 2757 945 2816 M.
959 2760 1041 2818 euim
1055 2749 1173 2823 Coelius

104 2860 207 2942 Rufos
223 2870 307 2941 patre
323 2847 429 2940 ¹equite
447 2859 599 2934 Romano,
622 2864 676 2942 qui
693 2863 825 2922 Puteolis
841 2864 1065 2941 negotiaretur,
1087 2869 1170 2942 geni·

45 3003 49 3012 ·
105 2976 157 3025 tus
174 2955 220 3025 est
239 2966 343 3026 eodem
362 2986 424 3046 quo
441 2965 472 3024 C.
493 2966 628 3025 Licinius
648 2966 756 3026 Calvus
774 2989 872 3040 anno,
894 2967 944 3026 Cn.
962 2965 1098 3029 Carbone
1112 2980 1170 3032 ter·

102 3074 179 3131 tium
210 3082 239 3132 et
260 3072 400 3130 Cilnio
422 3071 457 3159 C..
473 3073 503 3130 F.
525 3072 720 3144 oonsulibus,
740 3093 766 3132 a.
789 3094 818 3132 u.
836 3071 896 3133 672
911 3071 965 3156 (2).
1011 3075 1134 3150 Artibus
1153 3097 1171 3137 a

101 3187 187 3258 patre
203 3179 270 3235 viro
284 3177 482 3246 severissimo
503 3177 667 3256 diligenter
688 3177 826 3237 eruditus
844 3188 888 3237 est
909 3188 938 3238 et
949 3181 1123 3241 adolescens
1133 3183 1172 3242 ad

102 3281 277 3341 Ciceronem
308 3291 342 3338 et
366 3279 400 3338 Iu.
428 3282 567 3340 Croesum
599 3282 765 3354 deductus,
792 3303 924 3362 quorum
942 3285 1121 3365 disciplinae
1142 3297 1173 3348 et

100 3387 236 3446 moribus
267 3389 451 3445 insuesceret
469 3385 523 3468 (3).
539 3448 543 3454 ,
558 3367 623 3446 ¹sed
644 3387 740 3446 formu
761 3389 895 3466 eorporis
915 3391 1027 3450 eximie
1047 3385 1170 3470 ingenio

99 3493 242 3552 mutabili
259 3502 288 3551 et
306 3491 391 3550 facili
411 3491 450 3550 ad
472 3493 545 3551 vitia
563 3492 737 3571 praeditus,
758 3511 830 3558 oum
854 3501 924 3553 oute
944 3494 1081 3555 Cioeroui
1099 3516 1169 3556 oon·

149 3682 189 3751 (1)
225 3683 261 3734 De
287 3682 435 3734 Coeliorum
459 3683 604 3749 originibus
628 3685 695 3735 dixit
720 3683 827 3752 Pighius
841 3686 892 3737 vol.
908 3687 955 3737 III.
972 3705 999 3754 p.
1015 3687 1049 3738 28
1070 3699 1096 3739 et
1112 3689 1171 3742 201.

92 3773 198 3824 Nomen
221 3791 296 3842 saepe
322 3791 382 3823 oum
411 3771 521 3822 Caecilio
537 3773 720 3824 confunditur:
737 3792 762 3823 r.
783 3775 889 3827 Ruhnk.
906 3778 937 3827 ad
955 3776 1024 3828 vell.
1038 3778 1072 3829 Π.
1089 3777 1131 3830 68.
1147 3792 1172 3832 et

92 3865 125 3914 ad
147 3863 198 3914 Iul.
216 3861 306 3914 Rufin.
328 3881 353 3930 p.
379 3861 437 3912 211.
455 3870 480 3910 et
493 3861 582 3911 oonier
594 3859 720 3939 mendose
735 3866 826 3932 scripto
847 3865 915 3934 apud
932 3865 1000 3918 Plin.
1015 3867 1047 3918 Η.
1062 3868 1096 3920 Ν.
1113 3869 1170 3921 vn.

93 3954 136 4003 49.
162 3952 271 4004 Dionem
282 3951 399 4003 Cassium
416 3951 495 4001 XLII.
511 3949 552 4000 22.
570 3961 594 4000 et
610 3953 758 4020 Appianum
772 3953 891 4020 pluribus
904 3955 967 4006 locis
982 3955 1043 4008 libri
1061 3961 1170 4010 seeundi

88 4043 122 4094 de
147 4042 217 4112 bello
240 4043 322 4094 civili.
360 4043 460 4094 Coelius
480 4059 512 4091 au
538 4041 637 4092 Coelius
658 4043 825 4092 scribendum
851 4045 884 4095 sit
907 4047 1034 4096 insertum
1057 4060 1111 4112 est3
1136 4047 1169 4100 de

89 4134 217 4184 uumIsv.
228 4135 329 4202 Zumpt.
345 4133 376 4182 ud
392 4133 465 4184 Verr.
485 4135 576 4184 Aecus.
593 4130 639 4182 lv,
650 4131 701 4196 70,
719 4133 794 4198 181.,
811 4134 842 4184 de
860 4122 992 4186 codicibbs
1002 4135 1169 4208 Oudendorp.
1247 4192 1250 4200 ,

86 4225 120 4276 ud
138 4224 213 4276 Suet.
229 4224 303 4276 Caes.
317 4225 359 4274 48.
383 4225 423 4274 Ex
441 4223 521 4275 titulis
534 4225 651 4292 utrisque
667 4225 805 4294 scripturae
816 4225 969 4276 doourn'euta
983 4227 1165 4296 petipossunt:

87 4333 114 4364 v.
143 4325 227 4364 nostro
250 4315 281 4365 nd
302 4313 357 4366 cis.
379 4315 411 4364 de
436 4311 481 4384 Or.
504 4313 525 4364 1.
550 4313 601 4376 25,
627 4313 685 4382 117.
704 4343 736 4354 -
755 4315 796 4384 (2)
819 4314 1116 4368 Plin.u.N.v11.49.
1135 4343 1167 4358 ·-

86 4405 129 4472 (s)
154 4402 209 4460 on.
227 4404 297 4458 oin.
317 4405 341 4455 r.
361 4402 470 4472 Quinto.
489 4403 545 4456 rm.
563 4404 613 4466 11,
634 4401 659 4454 s.
