3034 5166
862 377 905 436 62

383 583 418 654 2.
470 586 591 675 Voles,
637 585 776 673 Cicero,
826 585 1029 656 Curionem¹
1075 598 1228 659 nostrum
1266 590 1401 660 lautum

337 711 582 781 intercessionis
627 709 670 779 de
704 712 885 804 provinciis
918 715 1047 783 exitum
1083 713 1251 787 habuisse.
1315 720 1401 790 Nam

337 862 446 932 quum
469 839 537 906 de²
559 839 795 910 intercessione
818 838 1019 930 referretur,
1043 839 1132 936 quae
1152 844 1273 915 relatio
1296 845 1402 917 fiebat

338 986 378 1032 ex
403 974 538 1032 senatus
564 965 740 1055 consulto,
773 967 952 1061 primaque
985 967 1031 1036 M.
1058 968 1208 1040 Marcelli
1232 976 1401 1046 sententia

337 1091 556 1183 pronuntiata
590 1103 700 1181 esset,
749 1095 809 1184 qui
846 1094 1015 1186 agendum
1051 1117 1131 1166 cum
1165 1098 1313 1168 tribunis
1349 1101 1399 1196 pl.

337 1214 516 1288 censebat:
551 1217 710 1314 frequens
747 1233 882 1291 senatus
917 1223 953 1292 in
988 1222 1053 1292 alia
1089 1225 1200 1295 omnia
1223 1227 1274 1297 iit.
1325 1225 1401 1298 Sto-

337 1343 457 1418 macho
494 1358 546 1416 est
581 1347 708 1418 scilicet
746 1349 950 1444 Pompeius³
974 1331 1118 1446 ¹Magnus
1142 1376 1236 1422 nunc
1260 1354 1307 1424 ita
1327 1355 1401 1452 ,lan-

334 1473 475 1562 guenti,
498 1484 537 1544 ut
560 1475 615 1544 vix
638 1476 699 1564 id,
720 1478 814 1571 quod
839 1477 1062 1573 sibiplaceat,
1085 1481 1243 1579 reperiat.
1282 1481 1401 1560 Trans-

337 1596 448 1664 ierant
475 1597 580 1688 illuc,
618 1612 658 1669 ut
682 1602 768 1700 ratio
794 1616 879 1673 esset
904 1606 977 1674 eius
999 1605 1179 1698 habenda,
1204 1613 1265 1705 qni
1289 1637 1402 1708 neque

337 1723 521 1793 exercitum
547 1748 659 1818 neque
684 1727 873 1820 provincias
886 1731 1034 1803 traderet
1047 1749 1072 1804 ⁴.
1104 1735 1399 1824 Quemadmodum

331 1847 401 1942 ,hoc
419 1829 599 1947 Pompeius
620 1851 752 1938 laturus
774 1855 841 1946 sit,
866 1839 975 1952 quum
996 1874 1172 1954 cognoscat
1186 1875 1211 1954 ⁵,
1235 1867 1400 1960 quidnam

335 1944 385 2046 rei
398 1975 559 2070 publicae
570 1977 746 2064 flaturum6
770 1985 836 2073 sit,
860 1984 985 2052 sim
1008 2000 1159 2063 autnon
1183 2005 1280 2064 curet
1292 2009 1318 2085 ⁷,
1341 2021 1399 2068 vos

332 2123 427 2173 senes
450 2105 572 2176 divites
585 2076 757 2186 sideritis.
815 2149 817 2154 ·

384 2226 419 2298 3.
458 2229 500 2317 Q.
514 2230 730 2325 Hortensius,
752 2223 861 2330 'qtmm
886 2241 946 2312 has
969 2244 1083 2316 literas
1095 2251 1212 2346 scripsi
1225 2305 1235 2340 ,
1249 2254 1396 2324 animam

332 2350 466 2446 agebat.
610 2347 612 2356 ¹

342 2512 595 2532 Μ

380 2567 420 2659 (ι)
439 2592 482 2644 sa
506 2595 557 2646 ua.
582 2597 673 2666 tiraq.
700 2600 797 2652 renea.
825 2575 1020 2658 Ciceroniana
1040 2610 1068 2659 tn
1082 2613 1135 2678 up.
1153 2612 1195 2663 ro.
1216 2614 1258 2680 [u.
1275 2615 1324 2666 ra.
1341 2619 1397 2685 up.

336 2678 430 2731 XXIV.
448 2683 463 2732 1
489 2694 515 2736 et
533 2685 594 2753 7.]:
617 2707 666 2740 nec
678 2693 844 2756 cogitandum
859 2695 887 2744 h.
902 2695 922 2745 l.
940 2697 973 2747 de
989 2699 1066 2755 stulto
1082 2699 1134 2753 ld.
1144 2719 1215 2752 more
1230 2709 1400 2771 praenomina

234 2789 235 2792 ¹
335 2786 413 2836 prava
441 2773 597 2841 explicandi.
617 2806 652 2816 -
676 2779 752 2829 Voles
779 2782 807 2830 C.
829 2784 969 2834 Curionem
986 2786 1048 2838 Sch.
1065 2817 1099 2832 —
1114 2792 1198 2840 Valles
1215 2793 1243 2842 C.
1258 2795 1399 2848 Curionem

336 2857 405 2910 Crat.
425 2860 493 2914 vict.
519 2869 546 2914 1.
567 2866 630 2918 Bru.
654 2895 689 2908 -·-
716 2869 817 2932 Valles,
845 2871 951 2938 Cicero,
979 2875 1117 2928 Curionem
1137 2877 1231 2934 Gracr·
1246 2909 1281 2924 -
1298 2885 1395 2952 Vides,

338 2950 443 3016 Cicero,
470 2954 608 3006 Curionem
632 2955 714 3026 Neap.
743 2957 808 3009 vict.
831 2958 855 3010 2.
876 2959 967 3012 Lambss
1006 2960 1045 3032 (2)
1064 2959 1397 3029 -0m.de‘t1d.13ened.

335 3039 375 3106 (3)
389 3067 424 3084 -η
439 3041 493 3094 del.
508 3045 650 3111 Pompeius
665 3048 861 3100 {amhn-del.
877 3051 972 3102 sdiiicet
985 3055 1153 3122 Pomp.Lall.
1191 3059 1230 3128 (4)
1240 3058 1361 3118 SicVict.
1372 3069 1397 3119 2.

334 3125 427 3180 Graes.
444 3133 597 3202 -ytradere
620 3137 694 3185 vellet
720 3138 782 3189 Ern.
808 3138 870 3190 seh.
894 3169 929 3180 -
948 3148 980 3193 ut
994 3148 1178 3210 necratr'ou
1195 3152 1311 3204 traderet
1328 3155 1399 3211 Orat.

332 3201 400 3267 vict'.
419 3218 445 3269 1.
464 3221 509 3287 (-
523 3225 556 3270 ut
569 3225 671 3272 ratione
686 3226 740 3274 eiua
757 3227 873 3277 habenda
889 3233 936 3294 qui
949 3212 1090 3285 emarcidum
1106 3254 1186 3305 neque
1199 3258 1276 3307 prou.
1294 3247 1400 3298 tradere

331 3303 384 3356 Md.
398 3331 431 3356 -e
447 3291 606 3361 miratione
629 3314 683 3362 eiua
706 3315 838 3380 habenda,
865 3321 912 3384 qui
935 3325 1074 3374 exercitum
1090 3343 1171 3393 neque
1183 3341 1260 3395 prov.
1279 3335 1399 3387 traderet

332 3393 443 3464 Bencd.)
481 3397 521 3466 (5)
538 3401 693 3459 -lcturus
708 3405 756 3456 ure
770 3423 829 3458 cum
843 3423 994 3471 cognanum
1006 3413 1057 3464 Md.
1074 3416 1170 3468 Bened.
1207 3414 1246 3486 (6)
1265 3431 1300 3463 —'·
1309 3420 1401 3488 futu-⁹

331 3499 378 3535 rua
394 3485 444 3539 ud.
467 3486 533 3540 Lan.
557 3490 652 3542 Beued.
689 3491 729 3560 (7)
756 3495 800 3547 Sic
823 3515 913 3548 mance
934 3501 985 3552 Md.
1008 3502 1075 3556 Vict.
1098 3507 1122 3556 2.
1146 3507 1238 3559 Graev.
1254 3538 1287 3548 —
1302 3515 1355 3576 ait,
1375 3517 1399 3565 ai

331 3589 419 3632 autem
443 3598 495 3632 non
515 3583 589 3630 curet
612 3595 626 3627 e
644 3577 727 3632 Oodd.
741 3583 806 3634 Lall.
826 3586 922 3639 Beued.
940 3618 973 3632 —
987 3595 1038 3658 sit,
1057 3596 1080 3644 ai
1093 3612 1145 3647 non
1160 3601 1233 3648 curet
1248 3599 1279 3649 de
1299 3599 1397 3653 Panta-

330 3669 400 3737 gathl
421 3667 457 3739 Ε.
479 3668 540 3721 seh.
565 3695 599 3710 -
619 3671 674 3733 ait,
696 3674 721 3722 si
745 3679 793 3724 cut
817 3693 870 3728 uon
891 3683 995 3746 possit,
1015 3689 1132 3738 autnon
1147 3692 1221 3737 curet
1236 3705 1269 3740 ex
1284 3694 1395 3760 antiquo

327 3761 415 3831 suppl.
430 3759 513 3830 Neap.
531 3759 601 3811 Crat.
615 3759 706 3811 Lamb.
727 3762 789 3814 Em.
812 3794 846 3804 υ-
865 3773 914 3818 aut
931 3772 1058 3836 quidnam
1074 3777 1137 3842 reip.
1151 3776 1281 3842 futurum
1297 3782 1351 3847 ait,
1374 3787 1397 3846 si

329 3866 383 3902 non
398 3853 472 3901 curet
489 3845 569 3900 Rostii
584 3867 654 3918 susp.
674 3851 745 3918 Sper.
764 3853 789 3905 2.
803 3873 831 3923 p.
844 3857 871 3906 9.

758 4095 952 4142 -ο-π-
