2978 5186
602 414 663 474 123

97 615 200 692 aaut,
222 616 398 696 quibusdam
418 621 453 677 in
470 619 543 678 locis
564 619 734 678 assume?
762 620 797 680 Et
819 621 870 681 lib.
892 621 939 680 ll.
960 643 986 683 c.
1011 625 1038 684 1.
1070 626 1163 686 Caelii
1238 688 1240 692 ,
1283 673 1290 686 .

98 722 191 792 uerba
219 723 326 782 recitat
350 741 387 784 ex
407 726 558 796 aratione,
580 744 672 804 quam
692 725 732 783 de
752 728 782 784 vi
804 745 873 785 reus
894 749 1001 808 prose
1020 735 1085 812 ipso
1108 735 1166 793 ha-

97 828 183 888 buit:
213 829 252 887 de
279 848 340 907 qua
366 812 404 887 et*
423 829 585 888 Suetonius
610 831 751 888 meminit
772 831 804 889 in
826 832 906 893 libro
926 836 1056 897 declar.
1076 838 1164 899 Rhet.
1224 819 1231 832 ⁸

95 952 123 991 c.
144 931 174 992 2.
197 941 228 992 et
244 932 348 992 Festus
365 937 551 993 mentionem
568 935 651 994 facit.
680 935 738 995 Illa
754 956 877 1018 qnoque
893 943 1065 1002 notavimus
1083 945 1165 1022 apud

98 1037 232 1096 ensem
251 1037 305 1096 nn.
328 1037 376 1098 12.
396 1058 424 1098 0.
445 1038 492 1098 10.
537 1038 607 1097 arm
628 1037 779 1118 casiani,
799 1042 927 1101 risorem
946 1041 1057 1122 coasts,
1073 1048 1167 1106 saara.
1206 1031 1209 1038 '

97 1142 211 1202 litatem
238 1141 381 1216 Callidii,
408 1147 587 1226 gravitatem
608 1145 714 1217 Bruti,
736 1167 859 1206 acumen
882 1147 1031 1229 Sulpicii,
1053 1154 1165 1212 acardi·

96 1257 195 1306 tatem*
216 1246 333 1320 Cassii,
367 1249 555 1330 diligentiam
585 1251 754 1326 Pollionis,
786 1253 963 1333 dignitatem
993 1256 1164 1336 Messallae,

93 1353 285 1412 sanmitdtem
307 1351 392 1412 Calui
411 1357 597 1434 reperiemus.
639 1357 693 1416 Sed
717 1357 876 1417 audiamus
900 1359 1050 1420 Velleium
1072 1362 1165 1421 histo·

93 1458 160 1516 riae
187 1476 260 1516 suae
287 1458 342 1517 lib.
368 1457 397 1518 2.
421 1479 447 1519 c.
475 1460 524 1522 68.
566 1461 662 1536 Dum,
691 1464 810 1542 inquit,
839 1464 874 1520 ia
899 1466 965 1522 acic
985 1465 1165 1526 Pharsalica

99 1561 268 1642 Africaque
296 1563 330 1622 de
358 1585 471 1624 surirma
491 1587 589 1625 rerum
609 1565 717 1625 Caesar
737 1568 877 1642 dimicat,
898 1568 937 1627 M.
960 1567 1095 1643 Coelius,
1117 1574 1174 1631 air¹

97 1665 217 1746 eloquia
241 1670 399 1748 animoque
422 1669 547 1730 Curioni
573 1672 762 1746 simillimus,
783 1673 836 1730 scd
864 1675 898 1730 in
929 1678 1166 1757 utroqueperje-

93 1773 191 1849 atior,
210 1792 265 1830 nec
280 1775 381 1833 minus
401 1777 555 1856 ingeniose
572 1795 707 1855 nequam.
750 1776 821 1838 Plus
842 1787 942 1836 tamen
962 1779 990 1838 ei
1011 1780 1166 1843 facultatis

92 1878 128 1935 in
150 1878 322 1938 accusando
336 1877 445 1954 fuisse,
462 1901 554 1960 quam
572 1881 605 1938 in
620 1879 821 1952 defendendo,
835 1883 1165 1956 Quinctilisnusosten-

94 1982 142 2040 dit
169 1983 225 2043 Iib.
252 1983 282 2042 6.
306 2001 333 2043 c.
354 1985 382 2044 3.
411 2005 481 2044 eum
502 1987 545 2045 ait
565 1985 600 2044 ld.
624 1985 774 2057 Coelium,
796 1987 869 2063 quia
888 1986 998 2046 melius
1019 1989 1166 2050 obiiceret

93 2090 241 2166 crimina,
263 2070 355 2171 quam
374 2091 550 2151 defenderet
557 2135 566 2164 ,
586 2090 692 2147 donam
712 2089 860 2161 dostram,
882 2091 991 2150 malam
1006 2095 1163 2154 sinistram

93 2195 242 2273 appellari
274 2217 290 2256 a
318 2198 460 2257 Cicerone
487 2195 611 2255 solitum
633 2213 712 2269 esse;
735 2194 830 2274 idque
851 2195 1010 2292 confirmat
1029 2201 1094 2277 ipse
1113 2199 1164 2260 Ci-

93 2319 164 2360 cera
185 2302 234 2361 his
257 2280 355 2362 verbis
376 2305 408 2363 iu
431 2302 509 2360 libro
529 2301 568 2360 de
587 2301 661 2360 alar.
681 2311 755 2358 orat.
778 2319 805 2358 c.
825 2298 875 2359 79.
916 2299 996 2360 Eius
1018 2305 1165 2363 actionem

93 2415 122 2463 et
141 2407 317 2486 quendida,
339 2419 366 2468 ct
384 2408 529 2490 grandis,
550 2415 577 2464 et
597 2406 698 2466 eadem
717 2405 879 2485 inprimis
892 2405 998 2483 faceta
1018 2419 1047 2466 et
1059 2427 1165 2488 parur.

92 2508 174 2570 baria
195 2513 415 2572 commendabat
435 2515 538 2572 oratio.
584 2511 693 2569 Graues
713 2512 778 2568 cius
796 2512 952 2568 conciones
968 2511 1084 2592 aliquot
1093 2516 1165 2595 sne-

90 2625 180 2691 runt,
200 2636 283 2680 acres
303 2620 507 2678 accusationes
528 2627 600 2688 tres,
618 2636 725 2695 easque
742 2636 840 2674 omnes
858 2616 1163 2694 eareapndlicaeccrc

93 2722 225 2780 tentione
234 2733 384 2802 susceptae
392 2747 404 2783 :
411 2723 614 2801 defensiones,
624 2723 681 2778 atsi
690 2721 746 2778 illa
756 2731 840 2778 arant
850 2723 885 2778 iu
894 2740 928 2778 co
938 2721 1076 2798 meliora,
1088 2745 1164 2803 quas

90 2825 179 2896 dini,
200 2845 261 2886 non
280 2828 505 2886 contemnendae
526 2836 636 2896 tamen,
658 2825 978 2904 sanequa‘talerahilcs.
1010 2829 1079 2888 Tres
1096 2834 1162 2890 eius

89 2932 316 3004 accusationes,
343 2952 418 3012 quas
442 2933 545 2992 Cicero
566 2931 713 3011 appellat,
735 2931 836 2990 fuere:
858 2929 973 3010 prima,
995 2935 1027 2991 in
1048 2933 1079 2994 G.
1098 2936 1164 2994 An-

91 3038 214 3096 tonium
242 3037 280 3097 de
308 3041 480 3114 maiestate,
510 3039 565 3117 qui
593 3036 786 3096 consulatum
807 3055 878 3094 cum
900 3037 1042 3098 Cicerone
1062 3058 1164 3118 gesse-
1270 3051 1275 3064 ¹

90 3148 155 3201 rat:
172 3143 320 3217 securida,
337 3146 370 3202 in
387 3145 598 3223 Sempronium
618 3139 791 3202 Atratinum
802 3142 841 3201 de
856 3141 986 3202 ambitu:
998 3141 1040 3226 (et
1052 3155 1163 3206 utram·
1227 3175 1230 3182 ¹

91 3265 154 3325 que
181 3248 336 3326 eIgnificat
365 3250 468 3310 Cicero
488 3252 520 3308 in
542 3239 692 3324 oratione,
713 3267 774 3326 qua
796 3267 866 3306 eum
888 3247 1043 3324 defendit,
1064 3251 1162 3328 0.,31.
1188 3267 1191 3276 ·
1266 3335 1270 3340 ι

91 3362 123 3410 et
153 3351 194 3434 l.)
220 3357 324 3430 tertia,
353 3366 387 3416 ut
418 3357 543 3435 opinor,
564 3357 598 3413 in
616 3354 645 3412 C.
666 3353 818 3430 Laelium3
841 3361 876 3411 ut
898 3371 934 3410 ex
961 3354 1162 3426 Quinctiliani

88 3459 211 3533 verbis,
235 3473 314 3540 quae
335 3461 387 3520 lib.
410 3461 438 3520 6.
460 3481 486 3520 c.
505 3460 535 3520 3.
555 3460 715 3538 leguntur,
737 3459 814 3515 mihi
832 3457 939 3517 videor
957 3477 1043 3537 posse
1062 3462 1163 3519 conii-

89 3583 169 3624 cere.
212 3566 337 3645 Scripsit
359 3568 450 3624 etiam
471 3565 648 3623 concionem
670 3563 704 3620 ale
722 3561 811 3642 aquis
818 3608 827 3638 ,
844 3582 936 3641 quain
953 3563 1113 3624 Frontinus
1123 3566 1162 3626 de

90 3672 284 3750 Aquaednct.
301 3667 369 3730 ¹art.
394 3669 443 3730 76.
462 3673 615 3756 nominat,
639 3689 705 3728 eam
726 3669 821 3728 fuisse
841 3689 902 3727 non
924 3669 1032 3729 dubito
1048 3680 1163 3744 contra

87 3779 231 3856 aquarios
253 3787 282 3836 et
304 3776 502 3836 tabernarios:
524 3794 594 3834 nam
615 3777 679 3854 ipse
700 3772 785 3854 epist.
806 3775 835 3834 6.
853 3773 895 3854 [h.
917 3774 994 3834 Edit.
1015 3775 1096 3836 XIII.
1117 3777 1161 3861 3.]

88 3883 158 3940 nisi
184 3901 250 3964 ego,
279 3884 398 3961 inquit,
421 3901 487 3940 anm
507 3880 687 3939 tabernariis
707 3889 736 3936 et
755 3881 892 3958 aquariis
907 3897 1089 3960 pugnarem,
1110 3901 1162 3940 ae-

86 3996 193 4045 ternna
213 3987 367 4045 ciuitatem
388 3996 564 4066 occupasset.

129 4197 225 4258 Mores
252 4201 285 4257 iu
312 4219 347 4257 eo
374 4199 500 4259 minime
521 4215 593 4256 oum
612 4195 735 4274 ingenio
755 4193 940 4254 conferendi.
962 4179 1159 4257 Iracundiesi·

83 4321 178 4363 mum
206 4301 340 4382 appellat
366 4307 477 4364 Seneca
498 4302 551 4361 lib.
573 4302 601 4362 3.
622 4302 660 4361 de
681 4301 729 4360 Ira
750 4319 776 4358 a.
796 4283 824 4360 6.
856 4301 1080 4374 Quinctilianus
1099 4305 1157 4363 ait:

81 4410 215 4490 Dignus
241 4411 304 4487 eir,
328 4413 379 4468 cui
406 4419 433 4467 et
457 4427 538 4467 mens
558 4405 673 4471 iratior
709 4414 735 4462 et
758 4406 822 4464 uita
840 4399 958 4485 longior·
977 4407 1167 4486 contigisset.-
