2978 5186
478 377 482 385 ’
591 407 654 468 aas

120 589 122 597 .
139 617 196 678 Sed
220 616 296 695 prob
321 614 426 674 dulor!
446 605 569 673 hiccine
587 622 631 678 eet
651 612 860 698 1110100100,
882 615 970 682 cuius
991 617 1078 678 nobis
1095 619 1163 679 reli·

102 728 248 783 ctaesuut
259 693 429 799 epistolae?
446 737 483 778 un
503 718 595 776 huius
617 735 680 776 esse
697 718 729 810 in
747 716 813 800 ipro
832 720 949 797 potuit,
967 722 1048 800 quud
1060 723 1164 784 Cicero

100 828 182 888 Brut.
202 845 230 888 c.
252 825 302 886 79.
322 833 468 898 testatur,
488 821 644 902 splendido
665 832 692 880 01
703 821 850 902 grandis,
868 832 896 880 et
905 823 1004 884 eodem
1013 828 1049 885 in
1052 829 1164 908 primia

96 934 200 1013 saneto
223 940 252 990 et
264 928 435 1010 perurbane
456 911 552 987 oratio
562 953 576 1000 ,·
597 928 685 988 euius
703 929 734 985 in
761 928 895 1006 epistolis
916 933 1085 1008 reperiatur
1100 953 1165 1012 pus·

100 1040 155 1098 sim
182 1049 248 1099 tam
270 1054 378 1114 parum
401 1034 524 1102 Latina,
550 1043 612 1093 tam
633 1031 779 1116 ubecura,
805 1036 983 1110 exsanguis,
1005 1038 1165 1115 pueriliter

100 1143 238 1212 concisa,
254 1159 311 1200 nec
325 1157 394 1200 raro
408 1127 562 1216 inlaeetal
604 1139 634 1198 ls
654 1140 719 1218 ipse
736 1148 782 1198 eat
800 1137 918 1198 Caelius
928 1164 936 1217 5
956 1140 1010 1200 sed
1029 1142 1164 1203 librariu-

99 1268 166 1308 rum
183 1248 464 1325 antiquissimorum
479 1243 595 1323 perfida
605 1246 724 1330 incuria
734 1243 823 1303 foede
833 1226 995 1320 tractatus,
1011 1255 1041 1306 et
1056 1251 1165 1309 misere
1248 1241 1249 1246 ¹

98 1352 297 1426 dilaceratus,
323 1360 357 1410 ut
378 1350 485 1410 harum
507 1348 703 1428 epistolarum
735 1348 836 1423 nulla,
863 1360 984 1427 praeter
1013 1353 1164 1430 xlmam,

99 1477 175 1538 quae
203 1459 284 1516 inter
311 1454 453 1534 epistolas
473 1440 664 1514 nd'Attio'um
686 1463 716 1513 et
741 1439 870 1514 alterurn
901 1457 1044 1518 tutiorem
1064 1461 1166 1523 locum

98 1571 185 1622 nacta
213 1573 274 1634 est,
303 1564 345 1620 ita
371 1563 489 1638 integra
509 1560 666 1635 videatur,
683 1567 718 1618 ut
734 1561 850 1619 iustum
867 1560 906 1617 in
924 1564 1058 1639 pretium
1081 1586 1161 1627 com·

100 1668 187 1728 mode
213 1669 306 1727 statui
337 1668 439 1746 possit.
488 1666 689 1741 Quamobrem
709 1665 831 1724 Vossius
848 1684 909 1724 non
936 1668 1058 1728 ridetur
1075 1690 1166 1733 sunm

100 1791 134 1831 ex
156 1773 207 1830 bis
237 1791 305 1850 epp.
336 1771 486 1830 iodicium
514 1770 668 1850 proferre,
684 1770 746 1830 'sed
770 1772 965 1849 antiquorum
983 1776 1193 1852 scriptorum·

101 1877 159 1937 fide
176 1885 327 1948 statuere,
342 1896 413 1935 eum
430 1877 461 1934 10
483 1875 577 1954 prael.
599 1875 636 1933 ad
658 1874 751 1933 libros
771 1873 806 1932 de
826 1858 913 1934 011110
933 1881 1076 1937 sermonis
1097 1880 1166 1942 Coe·

102 1982 176 2040 lium
202 1982 369 2058 adiungere
395 1997 455 2038 non
482 1979 602 2038 dubitat
630 1979 783 2050 Ciceroni,
805 1979 923 2039 Caesari
943 1982 1072 2062 aliisque
1090 1988 1167 2045 aori-

100 2085 235 2165 ptoribue
255 2086 371 2163 primae
387 2103 515 2154 caveae,
533 2085 589 2163 qui
608 2084 1168 2160 013000100010010011010010101100

102 2191 233 2250 11011000
248 2191 309 2248 sint
327 2190 492 2248 consecuti.
578 2181 582 2188 ’
1163 2181 1165 2187 ’

137 2296 207 2354 nixi
220 2294 363 2376 equidem
377 2339 383 2366 ‚
404 2295 481 2375 quid
502 2293 580 2352 mibi
601 2292 640 2350 de
651 2293 700 2351 his
710 2293 869 2373 reliqniis,
885 2295 991 2372 quales
1004 2298 1167 2376 habemus,

102 2401 264 2461 videretur.
306 2399 417 2474 Quodsi
427 2443 437 2473 ,
456 2398 590 2456 detracta
611 2396 666 2454 illa
687 2396 763 2478 falsa
784 2400 1025 2478 vituperatione,
1043 2405 1169 2468 devera

104 2506 168 2564 eina
199 2504 290 2564 laude
313 2489 345 2562 in
361 2502 495 2583 epistolia
512 2502 682 2561 scribendis
699 2502 922 2562 eoniioiendum
945 2516 1005 2582 eat,
1022 2521 1169 2588 putamus

104 2629 171 2670 enm
199 2610 232 2668 in
257 2609 384 2689 reliquie
409 2607 545 2668 Ciceroni
573 2607 667 2667 fnisse
693 2606 756 2666 fere
784 2612 1032 2686 parem,eed1n
1049 2616 1168 2692 verbis,

103 2733 161 2774 non
188 2715 327 2789 inscitia,
356 2733 461 2772 verum
487 2713 607 2783 etudio,
639 2713 741 2770 minus
765 2716 965 2792 proprinrnet
982 2719 1168 2797 simplicem,
1194 2725 1196 2732 '

102 2819 321 2878 adstrictiorem
342 2837 430 2896 porro
451 2837 520 2876 cum
539 2817 641 2896 aliqua
659 2817 853 2879 obscuritatis
864 2821 964 2898 specie
973 2865 982 2896 ,
1004 2823 1036 2882 in
1051 2823 1168 2887 facetiis

103 2925 235 3004 denique
255 2923 464 2983 consectandis
492 2925 643 2996 nimium,
672 2922 802 3002 ideoque
821 2943 880 2982 non
902 2944 1020 3010 semper
1039 2929 1169 2995 felicem.

103 3029 160 3089 Sed
192 3031 225 3086 in
257 3027 370 3107 analyai
399 3028 431 3086 id
459 3028 573 3104 negotii
591 3027 680 3086 nobie
699 3027 805 3087 datum
823 3031 1012 3108 putavimus,
1028 3046 1081 3110 ut,
1097 3058 1172 3117 quo.

101 3133 191 3192 inodo
209 3135 242 3191 in
265 3132 409 3212 reliquis,
431 3133 565 3192 severius
579 3151 755 3210 ageremus,
773 3142 803 3192 et
818 3137 956 3212 graviora
975 3139 1083 3200 saltem
1094 3144 1170 3204 vitia

104 3249 299 3309 notaremus,
324 3238 403 3296 nihil
434 3237 677 3310 considerantes,
708 3246 813 3297 utrum
839 3238 892 3298 illa
910 3241 949 3299 ab
966 3253 1088 3305 auctore
1104 3268 1171 3327 pro·

103 3341 182 3402 lecta
192 3387 202 3419 ,
223 3362 261 3400 an
283 3362 300 3400 e
318 3341 512 3402 librariorum
531 3342 716 3421 negligentia
736 3353 806 3403 nata
828 3355 937 3407 essent.

122 3471 207 3542 lon,
228 3469 324 3530 Praei.
345 3469 385 3530 ad
406 3467 560 3546 Clarorum
579 3470 711 3528 virorum
731 3467 830 3548 Epist.
843 3481 909 3546 „een
929 3493 959 3552 p.
979 3474 1060 3536 XIII.
1080 3497 1144 3561 seq.

141 3606 177 3665 ln
208 3604 391 3684 quibusdam
409 3605 485 3664 loeis
506 3607 640 3663 incertus
663 3603 843 3677 haerebam,
862 3625 1078 3685 reponeremne
1092 3624 1173 3676 rete·
1198 3663 1200 3670 ,

101 3730 165 3770 rem
186 3710 365 3782 lectionem,
381 3727 459 3787 quae
478 3707 554 3765 mihi
570 3710 669 3767 verior
685 3708 859 3781 videretur,
877 3729 915 3769 an
934 3713 968 3771 in
985 3717 1173 3781 animadver-

100 3815 239 3876 sionibus
257 3822 377 3873 tantum
394 3813 574 3872 sententiam
596 3831 694 3872 meam
713 3812 854 3873 dicerem.
885 3815 1080 3880 Dubitantem
1097 3841 1172 3884 con-

80 3921 236 3980 .flrmerit
255 3916 367 3998 passim
388 3918 438 3975 vir
453 3916 561 3975 doetus
580 3916 623 3974 Gl.
643 3916 787 3976 benedict
796 3962 805 3992 ,
822 3919 944 3979 scholae
964 3921 1170 4002 'l'orgarienaie

99 4026 226 4102 llector3
252 4023 326 4102 qni,
354 4039 415 4102 quo
441 4020 544 4080 labore
570 4029 605 4079 'et
628 4021 730 4080 studio
760 4025 876 4101 priores
900 4036 968 4086 0010
991 4026 1085 4090 libros
1104 4053 1172 4114 epp.

102 4131 255 4190 Ciceronis
265 4135 409 4187 tractatos
419 4125 535 4197 edidit,
556 4125 737 4185 rellem‘iam
749 4128 903 4208 reliquos,
921 4143 1083 4214 antequam
1094 4139 1171 4201 1ιοοο

100 4243 206 4296 nostra
221 4233 402 4303 ederentur,
418 4230 506 4290 nobis
524 4231 706 4292 adornasset.
735 4232 772 4292 lu
787 4232 882 4294 Caelii
898 4238 1022 4317 quidem
1034 4244 1170 4321 epistolis

102 4357 250 4418 magnum
271 4345 460 4398 momentum
481 4337 606 4396 accessit
624 4355 728 4397 eorum
750 4339 906 4414 codieum,
927 4363 1003 4424 quoa
1022 4346 1076 4408 ille
1096 4368 1173 4409 eon·
1268 4353 1272 4362 '

103 4445 199 4518 tulit,
213 4454 249 4504 ut
269 4443 412 4524 pluribus
433 4441 507 4502 locis
527 4449 660 4503 veterem
674 4441 836 4507 lectionem
852 4464 1033 4512 revocarem.
1075 4451 1176 4534 Atque
