2978 5186
801 377 882 436 *190

320 588 518 647 mutationem
546 583 686 643 induxit:
704 585 851 664 iutelligit
867 595 969 646 autem
989 587 1165 648 facultatem
1183 591 1295 668 agendi
1315 612 1387 652 cum

317 692 441 772 populo.
483 691 602 750 Dicitur
628 699 728 749 autem
760 691 1001 770 ademptorem
1028 692 1105 768 hoc,
1129 704 1165 754 ut
1181 705 1304 754 eccctne
1321 718 1387 756 eom

254 773 258 778 .
317 798 480 870 tributum,
501 796 540 854 de
560 815 622 875 quo
641 796 678 854 ad
694 797 725 854 L.
746 796 811 854 Vll.
832 816 879 874 ep.
903 795 949 855 10.
970 817 1000 855 0.
1019 795 1048 856 6.
1068 809 1098 856 et
1108 797 1224 858 Terent.
1243 799 1381 860 Eunuch.

316 903 434 979 Prolog.
463 921 492 960 v.
526 901 573 960 17.
605 921 678 979 quoe
709 900 760 958 ille
789 901 1013 959 condonabitur.
1034 901 1140 980 Virgil.
1162 903 1186 962 Ι.
1208 903 1283 962 Aen.
1314 905 1385 966 232.

228 1013 230 1018 ’
321 1005 907 1084 111011000110000010000000οᾔ00
927 1007 1063 1065 nitentes.
1084 1007 1160 1068 ibid.
1183 1005 1252 1068 324.
1296 1009 1384 1069 Nudo

314 1130 410 1191 genn,
440 1111 572 1188 nodoque
603 1113 687 1168 σι’-000
714 1109 834 1168 collecto
857 1111 988 1190 fluenter
1010 1111 1040 1168 e't
1064 1114 1108 1171 eic
1127 1113 1180 1172 ille
1200 1118 1385 1194 saepissime.

316 1212 402 1274 Ovid.
423 1215 462 1274 ll.
479 1215 554 1274 Faet.
573 1213 641 1274 803.
654 1215 767 1294 peritia
786 1224 908 1295 urgetur
921 1224 1044 1294 pectora
1058 1216 1181 1294 polonie.
1206 1218 1242 1276 Et
1262 1222 1307 1278 eic
1330 1221 1383 1280 alii

315 1320 470 1398 permulti.
832 1328 835 1334 ’
1262 1323 1385 1384 Comme.

331 1423 497 1494 Plane,
535 1424 688 1500 coortu
726 1427 889 1505 gratioe
929 1445 1042 1506 agae,
1086 1437 1151 1485 cet.
1203 1427 1311 1488 lleliue
1340 1431 1384 1488 ita

316 1533 464 1609 scripturn
490 1540 584 1589 esset:
611 1529 708 1590 Plane
723 1543 780 1605 eet,
803 1533 882 1611 qnod
892 1565 924 1581 -·
944 1553 1028 1613 agor.
1259 1533 1385 1593 Wusnr.

355 1635 445 1694 Nam
475 1633 686 1693 Marcellus
711 1626 998 1715 eic'rcepondit
1018 1640 1195 1714 et'‚¹epem
1212 1637 1255 1720 n'n
1275 1640 1387 1702 datie.

314 1741 431 1801 Ernesti
470 1759 562 1798 euaeu
601 1741 720 1799 Graevii
755 1743 821 1800 eine
863 1742 1020 1824 librorum·
1044 1745 1244 1814 auctoritate,
1276 1744 1387 1804 omisca

214 1891 217 1897 .
314 1847 423 1906 vocula
454 1846 501 1918 et‘,
531 1845 704 1904 emendavit
729 1847 774 1903 etc
801 1845 971 1924 respondit,
990 1867 1030 1910 ¹ee
1050 1853 1129 1925 rpem
1145 1848 1180 1903 e'n
1200 1847 1280 1906 istie.
1323 1850 1388 1923 Qua

301 1952 524 2011 'emendatione
550 1951 582 2007 in
610 1950 711 2009 Coelio
740 1971 802 2009 000
833 1969 908 2029 opue
934 1959 987 2009 eet.
1241 1952 1387 2013 Burrnmr.

256 2049 259 2056 '
354 2091 414 2102 --
434 2057 495 2100 --'
537 2053 755 2114 GuilGurioni
774 2074 856 2114 eane.
888 2055 1101 2124 Verumtamen
1130 2054 1265 2130 durum,
1299 2059 1385 2118 hunc

312 2187 374 2225 non
395 2164 556 2224 nominari.
588 2155 595 2168 ’
624 2231 632 2246 ι
1056 2169 1059 2184 ‘
1255 2161 1384 2222 Wnlexr.

352 2270 381 2352 §-
403 2271 430 2329 2.
475 2269 586 2326 dete
617 2275 655 2322 et
685 2263 1104 2342 locotoehonorisice.
1147 2265 1331 2326 Particulam
1354 2279 1383 2326 et

314 2391 569 2464 eupervacaneam
607 2388 671 2427 esee
708 2389 763 2426 cur
794 2388 854 2426 000
887 2369 1017 2446 putem?
1051 2368 1167 2427 feratur
1199 2380 1321 2446 tamen,
1349 2383 1387 2432 nt

314 2482 348 2538 in
367 2465 484 2550 Coelio,
506 2476 594 2534 cuiue
612 2481 749 2549 χαρακτὴρ
770 2493 787 2532 a
803 2473 966 2552 purissimo
984 2484 1013 2532 01
1028 2474 1220 2570 00001ἱο000
1231 2475 1386 2537 Ciceronis

315 2603 451 2644 sermone
473 2602 565 2662 quam
586 2582 675 2656 longe
697 2579 807 2654 dictet,
834 2599 937 2640 omnes
958 2579 1144 2658 intelligunt.
1186 2581 1274 2654 Quod
1292 2583 1386 2642 etiam

314 2691 412 2750 critici
438 2698 569 2756 veteres,
601 2702 732 2763 quorum
761 2685 933 2742 testimonia
964 2685 1024 2742 iam
1045 2687 1262 2762 recitavimus,
1282 2687 1387 2746 'facile

311 2793 497 2854 iudicarunt.
928 2867 931 2871 ι
961 2783 964 2789 ’
1279 2791 1386 2851 11000.

350 2897 380 2980 ᾗ.
401 2896 430 2955 4.
473 2892 694 2952 Deercront
724 2891 885 2969 quidem.
927 2892 991 2952 Non
1010 2894 1152 2971 equidem
1173 2875 1387 2978 iesum,l1ni

313 3000 574 3072 divinationibus,
591 2999 769 3076 praesertim
790 3017 869 3076 quac
886 2997 948 3055 eada
970 2999 1144 3059 coniectura
1161 3003 1316 3077 nitantur,
1340 3001 1386 3061 fa-

311 3110 370 3169 cile
394 3081 599 3184 acquiescam:
621 3115 851 3177 verumtamen,
872 3102 926 3160 ubi
947 3121 1003 3160 nec
1032 3107 1180 3164 contentia
1211 3115 1383 3184 repugnat,

312 3224 341 3275 01
377 3211 507 3270 nictatio
548 3207 624 3266 levie
665 3219 728 3281 eet,
752 3211 822 3264 'cur
844 3207 1030 3265 'libertatem
1063 3209 1194 3284 ingeniis
1225 3210 1383 3288 eripiam?

309 3321 371 3380 lloc
402 3315 527 3396 quidem
558 3314 590 3369 in
617 3309 706 3385 1000,
731 3312 786 3389 qui
817 3329 900 3369 nuuc
928 3312 959 3367 in
985 3311 1126 3370 manibus
1154 3322 1214 3385 eet,
1238 3333 1309 3372 cum
1323 3333 1385 3372 an·

311 3425 392 3504 tiqui
424 3419 495 3479 libri
535 3417 674 3494 plerique
711 3415 858 3472 haberent
892 3413 1028 3485 deerant,
1050 3417 1193 3475 nonnulli
1226 3418 1383 3491 1100010111,

312 3531 365 3590 alii
386 3524 502 3598 aliter,
530 3543 567 3580 ex
598 3521 655 3578 hac
685 3521 829 3577 varietate
860 3521 927 3576 euni
958 3519 1127 3597 adductae,
1159 3532 1193 3580 01
1219 3523 1384 3602 probarem

313 3636 474 3694 decrerunt.
515 3627 579 3700 Qua
610 3625 772 3693 sententia,
802 3641 885 3683 nnnc
913 3643 1111 3701 exponam.··
1152 3626 1280 3686 Accedit
1309 3627 1385 3688 Coe-

311 3740 386 3798 liani
417 3731 563 3792 sermonis
593 3729 798 3800 consuetude,
820 3729 925 3808 paullo
945 3729 1026 3788 euim
1048 3741 1116 3789 ante
1133 3731 1174 3812 [§.
1196 3731 1240 3812 2.]
1261 3733 1384 3792 dictum

314 3853 358 3904 cet
375 3859 437 3898 non.
456 3833 591 3894 decrerat
604 3833 844 3912 supplicationes.
1278 3837 1385 3896 lluanr.

353 3945 383 4028 §L
406 3947 433 4004 5.
475 3941 510 4000 ei
539 3938 714 3996 onznihne
740 3938 902 3995 return
928 3940 1103 3999 monebit.
1135 3941 1208 4014 Quis
1235 3941 1384 4018 illapro·

301 4051 385 4112 laet?
427 4047 541 4106 Ponere
577 4044 675 4101 voluit
710 4052 814 4102 auctor
821 4087 831 4119 ,
861 4044 944 4122 quod
973 4043 1063 4103 facile
1092 4055 1233 4124 apparet,
1265 4046 1386 4106 eduo-

310 4160 369 4218 hue
400 4151 601 4212 incommodis
627 4150 809 4228 alterutrum
834 4153 1054 4210 neceesarium:
1081 4161 1111 4210 01
1142 4161 1262 4228 tamon,
1292 4153 1385 4231 quod

284 4255 363 4324 'vir
401 4257 522 4330 credae,
560 4255 610 4312 vel
646 4254 728 4313 idem
756 4254 805 4312 bie
833 4253 923 4329 dixit,
954 4257 1002 4314 rel
1031 4258 1074 4316 ita
1102 4256 1230 4332 obscure
1259 4266 1288 4316 et
1315 4277 1385 4317 arn·

312 4367 405 4446 bigne
442 4362 527 4441 prius
568 4355 675 4440 Cercar
715 4357 888 4438 defendetur
925 4363 1116 4439 enunciavit,
1154 4373 1189 4422 ut
1225 4363 1388 4424 disiuncta
