3012 5182
809 453 877 554 ²¹.

288 625 473 735 alaparum
488 661 620 738 pernaso,
640 668 670 718 et
689 657 717 740 §
728 658 757 718 2.
779 657 953 732 Marcellus,
971 661 1050 740 qaod
1061 661 1157 722 elluo
1167 662 1248 725 sitit
1256 664 1361 723 retulit

288 759 323 822 de
352 763 536 821 succensione
564 764 810 843 provinciarum,
838 772 866 822 et
890 765 925 822 io
950 761 1019 824 Kal.
1047 765 1116 825 Iure.
1151 784 1215 825 eom
1239 767 1358 828 dietatis

286 865 467 926 relationem.

431 1035 453 1072 ‚⁴
480 1012 487 1090 g
592 974 756 1084 Curuus
785 975 970 1062 Ceonaolu
1000 977 1040 1060 S.

342 1175 376 1244 1.
426 1176 524 1265 Quod
547 1177 610 1249 tibi
645 1177 836 1250 decedens¹
863 1178 1037 1274 pollicitus
1061 1203 1137 1250 sum
1162 1205 1218 1252 me
1241 1206 1358 1254 omnes

292 1324 346 1410 res
360 1301 526 1413 *urbanas
551 1305 816 1408 ¹diligentissime
849 1304 913 1388 tibi
949 1309 1244 1404 perscripturum,
1276 1309 1356 1385 data

292 1424 393 1525 opera
414 1433 540 1524 pareri
553 1469 569 1520 ‚·
600 1431 671 1524 qui‘
697 1431 745 1499 sic
778 1429 889 1500 omnia
927 1413 1212 1526 persequeretur,
1238 1444 1278 1502 ut
1302 1455 1357 1503 ve

292 1579 388 1648 rear,
402 1587 404 1592 ·
419 1582 463 1628 ne
497 1558 560 1628 tibi
596 1559 739 1628 nimium
772 1568 915 1650 arguta²
949 1558 1033 1628 haec
1058 1556 1220 1628 sedulitas
1244 1561 1355 1630 videa·

292 1696 361 1755 tur.
411 1684 558 1768 Tametsi
592 1696 649 1774 tu,
683 1685 774 1772 scio,
808 1706 911 1778 quam
946 1686 990 1754 sis
1024 1686 1175 1757 curiosus
1195 1698 1230 1756 et
1252 1711 1356 1780 quam

292 1810 451 1883 omnibus
480 1811 775 1906 peregrinantibus
803 1821 938 1904 gratum
962 1811 1006 1880 sit
1032 1812 1249 1882 minimarum
1274 1835 1357 1906 quo

289 1965 362 2035 qne
406 1964 544 2030 rerum,
589 1963 678 2035 quae
712 1939 805 2010 domi
840 1949 1024 2032 gerantur,
1062 1938 1138 2009 fieri
1173 1943 1356 2028 certiores3

294 2079 407 2138 temen
440 2068 476 2138 in
515 2065 580 2138 hoc
614 2077 649 2136 te
684 2065 849 2161 deprecor
862 2080 887 2156 ³,
909 2089 954 2138 ne
979 2089 1095 2136 meum
1120 2066 1185 2138 hoo
1207 2067 1357 2138 officium

293 2194 501 2288 arrogantiae
539 2189 765 2280 condemnes,
809 2189 905 2285 qaod
943 2189 1036 2260 hune
1073 2193 1236 2264 laborem·
1260 2196 1357 2265 alteri

293 2321 467 2414 delegavi:
500 2343 568 2390 non
605 2320 690 2414 quin
725 2318 809 2389 mihi
841 2309 1078 2394 suavissimum
1113 2323 1156 2392 sit
1192 2333 1227 2394 et
1260 2347 1358 2394 occu·

293 2457 375 2542 pato
400 2445 500 2516 etad
524 2445 638 2515 literas
660 2445 878 2542 scribendas,
903 2456 943 2516 ut
969 2457 1008 2516 tu
1034 2449 1146 2539 nosti,
1176 2451 1360 2544 pigerrimo

293 2587 376 2645 tuae
406 2575 588 2644 memoriae
624 2571 705 2642 dare
739 2597 901 2669 operam3
926 2573 987 2667 sed
1012 2575 1151 2668 ipsum⁴
1173 2577 1357 2665 volumen,

294 2701 466 2806 quodlibi
489 2701 591 2792 misi,
626 2699 747 2792 facile,
785 2713 825 2772 nt
851 2703 1105 2798 egoarbitror,
1126 2695 1184 2774 me
1209 2714 1356 2776 excusa.

293 2831 414 2910 Nescio
443 2831 574 2908 'caius'
610 2831 669 2901 oa'i
700 2843 786 2902 esset
808 2849 876 2905 non
900 2831 1003 2904 modo
1024 2830 1235 2926 perscribere
1256 2831 1361 2922 haec,

294 2959 366 3030 sed
383 2957 841 3030 amausensis-advortere:
875 2959 986 3029 omnia
1011 2958 1103 3028 enim
1128 2969 1209 3027 sunt·
1233 2957 1281 3028 ihi
1306 2979 1359 3026 se-

294 3089 397 3182 'n'atus
428 3085 604 3173 consulta,
640 3080 750 3154 edicta
763 3138 774 3174 ‚
799 3084 971 3174 fabulae‚'
985 3107 1158 3154 rumoresz
1183 3083 1277 3179 quod
1302 3106 1359 3154 ex-

262 3209 263 3212 *
294 3205 450 3309 'emplum
485 3213 525 3294 si¹
545 3203 632 3319 forte
654 3213 777 3302 ¹minus
810 3223 845 3280 te
870 3209 1071 3302 delectarit,
1102 3237 1146 3282 ne
1171 3211 1360 3300 molestiam

292 3319 370 3417 libi
394 3363 476 3411 cum
509 3340 659 3436 impensa
688 3364 765 3412 mea
795 3338 991 3429 exhibeam„
1013 3339 1066 3412 fac
1088 3364 1144 3414 me
1168 3342 1357 3412 certiorem.

294 3463 332 3540 Si
364 3468 450 3564 quid
487 3468 522 3538 in
558 3493 595 3539 re
630 3469 769 3564 publiea
795 3470 903 3539 mains
927 3479 1045 3538 actum
1067 3469 1156 3557 erit,
1180 3467 1281 3561 qnod
1302 3468 1360 3538 isti

297 3593 440 3691 operarii
462 3597 581 3688 minus
612 3595 789 3668 commode
820 3596 978 3691 persequi
1004 3594 1151 3688 possint,
1178 3603 1213 3664 et
1239 3615 1360 3688 quem-

297 3723 481 3827 admodum
505 3713 619 3794 aolum
642 3725 685 3796 sit
708 3735 743 3794 et
765 3749 854 3819 qnae
876 3725 1077 3795 existimatio
1100 3731 1234 3792 secuta⁶
1259 3742 1358 3814 quae·

296 3832 366 3949 leuc
382 3840 439 3936 dc,
457 3877 497 3928 eo
518 3859 595 3952 spes
617 3854 694 3945 sit⁷‚
718 3853 898 3947 diligenter
924 3851 987 3923 tibi
1009 3848 1269 3945 perscribemus.

342 4089 486 4140 Arulenus
505 4085 672 4141 Uennenses.
709 4085 749 4156 (1)
769 4105 803 4138 Ν
821 4085 1049 4154 decedentillergo
1067 4081 1136 4134 Crat.
1153 4077 1250 4130 Manus.
1269 4075 1360 4128 Lemb.

299 4178 363 4231 Ern.
388 4176 451 4228 sch.
478 4206 514 4218 -
538 4177 667 4228 discedens
682 4176 794 4227 malebat
811 4175 876 4227 Lell.
913 4175 954 4245 (2)
980 4202 1015 4213 —
1043 4175 1143 4236 arguta
1164 4170 1275 4219 nimium
1293 4167 1362 4218 Cret.

224 4321 225 4328 ,
301 4267 341 4356 (3)
352 4267 627 4345 -Ᾰίαιηεηὴοῇᾰερν,
644 4264 736 4317 Greer.
757 4265 892 4334 (l)-sed
905 4265 933 4315 id
944 4266 1030 4332 speum
1045 4263 1138 4314 Graer.
1167 4259 1206 4327 (5)
1222 4277 1252 4303 =
1268 4258 1361 4324 quoius

297 4357 349 4411 nd.
371 4357 439 4409 viu.
461 4356 485 4407 2.
512 4353 606 4408 Graec
624 4353 721 4406 Bened.
758 4353 797 4422 (6)
817 4383 851 4393 -
867 4357 1004 4404 consecuta
1027 4349 1096 4404 Orat.
1121 4349 1212 4402 Lamb.
1257 4347 1296 4416 (7)
1312 4345 1360 4397 'sic

296 4445 363 4500 ⁴Bon.
379 4443 443 4501 Suis·
469 4470 504 4486 -·
526 4450 564 4496 est
585 4442 636 4497 nd.
655 4445 725 4498 Cret.
744 4441 810 4496 Via.
829 4443 843 4496 1
863 4455 886 4498 et
905 4443 930 4495 ².
950 4442 1043 4496 Gener.
1062 4442 1157 4497 Bened.
1176 4469 1210 4480 -
1227 4437 1280 4489 del.
1297 4451 1359 4519 rer·

297 4541 362 4592 bum
377 4536 472 4590 demi).
520 4547 524 4559 ·
894 4567 895 4574 ,
1223 4560 1237 4570 ,,
1272 4559 1275 4566 Α
