3012 5182
461 537 733 604 Ulmum
784 537 932 596 xvi..

550 629 595 698 (ad
613 629 685 680 Fam.
702 629 736 680 11.
754 627 808 694 13.)

537 817 829 888 Argumentum.

190 1003 253 1097 Dc
277 1017 436 1093 literarum
466 1025 671 1105 infrequentia
699 1026 833 1088 Caelium
861 1028 950 1106 quasi
978 1027 1065 1087 molti
1093 1029 1218 1089 brachio

147 1133 350 1214 reprehendit
369 1131 471 1190 Cicero
481 1152 490 1207 ;
511 1129 566 1189 aed
583 1129 715 1190 eundem
730 1142 873 1206 excecat,
890 1131 983 1210 culpa
1002 1134 1035 1191 in
1046 1133 1220 1194 tabellariae

149 1239 319 1298 translate:
346 1236 421 1314 quin
445 1233 551 1294 laudat
571 1236 662 1294 etiam
683 1235 723 1295 ab
741 1255 867 1312 earum,
890 1255 966 1316 quac
984 1240 1122 1316 proxime
1138 1259 1221 1299 acce·

148 1351 253 1426 perat,
271 1338 466 1420 prudentiam
484 1346 515 1398 et
530 1339 753 1400 humanitatem
770 1338 840 1421 5.1.
869 1340 1060 1420 Cuiquidem
1072 1342 1223 1420 Epistulae

147 1443 230 1527 (¹111)
253 1441 459 1524 respondens,
487 1441 617 1506 affirmat
643 1462 676 1506 aa
702 1441 801 1522 Appio
826 1461 891 1502 ecee
919 1443 1072 1520 amicum
1095 1447 1223 1524 eiuaque

148 1548 303 1611 amicitiae
323 1547 424 1605 caucia
442 1547 586 1626 expositio
602 1545 633 1627 5.
652 1545 682 1605 2.
702 1545 811 1606 faloam
826 1564 891 1604 eaae
901 1545 1008 1609 scribit
1018 1548 1224 1628 quorumdam
1308 1543 1313 1552 ⁴

150 1653 357 1731 suspicionem
375 1651 464 1728 quaai
482 1648 587 1710 Cicero
607 1650 646 1710 ab
659 1648 759 1729 Appio
778 1649 971 1730 discreparet.
989 1649 1019 1731 5.
1039 1651 1067 1711 3.
1109 1652 1225 1713 Deinde

149 1757 249 1816 otium
270 1753 482 1814 civitatiaaibi
503 1753 625 1832 placere
642 1755 685 1814 ait
700 1753 730 1836 5.
749 1754 778 1816 4.
819 1755 856 1814 Et
885 1755 1024 1816 Curionis
1051 1757 1224 1815 inconstan-

151 1861 228 1918 tiam
247 1877 266 1916 a
282 1876 314 1916 ce
332 1859 501 1936 praevisam
518 1875 583 1918 eaae
598 1857 752 1935 significat
768 1855 798 1938 5.
816 1861 843 1917 6.
885 1858 1023 1936 Denique
1040 1859 1143 1918 ceiam
1154 1877 1224 1919 con·

154 1961 236 2022 fecta
253 1960 416 2020 Laodiceae
433 1958 646 2018 iurisdictione
663 1961 697 2018 in
712 1959 851 2018 Ciliciam
860 1959 1014 2039 proficisci
1024 1961 1146 2020 nuntiat
1156 1961 1228 2041 56.

154 2067 296 2148 miraque
310 2083 343 2122 ae
360 2064 455 2124 teneri
465 2061 726 2134 decideriourbic‚
745 2081 870 2124 auorum
879 2106 888 2138 ,
909 2062 1001 2124 Caelii
1013 2065 1207 2144 potiaaimum
1216 2090 1223 2142 3

154 2187 248 2252 quem
267 2165 397 2230 aedilem
416 2167 521 2232 videre
534 2169 621 2254 cupit
640 2165 671 2254 5.
689 2166 718 2231 7.
731 2225 735 2232 .

193 2356 311 2435 Scripta
342 2363 388 2415 eat
415 2364 485 2416 ante
515 2355 590 2417 Non.
618 2356 708 2417 idaiae
737 2356 780 2416 ef.
810 2356 840 2438 5.
858 2356 887 2417 6.
908 2357 1035 2416 fortaaae
1053 2377 1113 2416 una
1137 2361 1227 2420 mian

153 2479 227 2520 oum
245 2459 373 2539 epictola
390 2459 430 2544 ad
448 2459 510 2520 nc.
530 2459 580 2522 vt.
597 2459 628 2520 2.
648 2479 721 2520 nam
741 2461 774 2519 in
793 2470 966 2540 utraqueae
981 2447 1227 2524 iurisdictionem

152 2565 321 2624 confecisse
341 2572 372 2624 et
391 2565 433 2642 in
446 2561 585 2624 Ciliciam
602 2567 736 2644 cogitare
754 2563 841 2626 dicit.
882 2565 964 2640 Quae
977 2563 1104 2643 quidem
1115 2565 1154 2624 ad
1167 2565 1225 2628 Aa·

151 2671 251 2730 ticum
274 2667 404 2748 epistola
431 2669 544 2747 acripta
573 2677 618 2728 eat
645 2670 727 2729 inter
755 2668 822 2736 Kal.
852 2668 1228 2746 ilai.etNon.i1ai.,nt

153 2774 307 2834 coniicere
329 2773 403 2832 licet
432 2791 469 2833 cx
488 2773 538 2830 hia
556 2771 657 2832 verbio
674 2771 704 2853 5.
723 2771 751 2833 t:
793 2770 893 2851 Atque
908 2771 962 2830 hoa
971 2771 1063 2850 sara,
1084 2775 1163 2852 quad
1175 2779 1226 2856 egi

158 2895 195 2934 aa
212 2875 319 2936 latam
340 2875 425 2936 Febr.
438 2873 605 2934 Laodiceae
621 2875 661 2934 ad
670 2873 797 2934 Kalend.
814 2875 886 2935 Mai.
899 2875 1032 2932 amatium
1048 2875 1228 2935 dioecesium

151 2991 274 3064 praeter
290 2978 431 3052 Ciliciae,
452 2979 609 3038 mirabilia
630 2978 775 3056 quaedam
795 2977 1027 3056 effecimus-u
1044 2975 1074 3058 5.
1095 2977 1125 3037 6.
1163 2977 1241 3038 Na:

156 3087 208 3144 aia
228 3084 298 3146 Mai.
319 3086 354 3142 ia
376 3082 519 3142 Ciliciam
538 3081 716 3164 cogitabam.

179 3287 234 3370 Μ.
263 3285 410 3369 Clenna
436 3283 519 3366 Iun.
541 3275 592 3365 Β.
619 3281 668 3364 Ι).
697 3281 751 3365 Μ.
780 3249 928 3364 G'mno
957 3213 1086 3368 annrni
1115 3317 1200 3370 uua.

214 3517 248 3586 l'.
299 3516 425 3588 Harae
468 3530 552 3588 tuae
584 3521 728 3614 qaedam
760 3559 810 3570 -
828 3520 998 3610 sarincae
1022 3498 1119 3588 caica
1154 3497 1227 3594 area

156 3645 408 3736 peffcaaaatur
438 3685 488 3698 —-
523 3643 586 3712 aad
630 3667 758 3713 amaea
807 3647 945 3736 accepia
979 3649 1110 3716 literae
1124 3675 1135 3717 .·
1171 3658 1231 3724 ael

163 3792 258 3862 quaa
284 3772 450 3861 proxime
480 3793 706 3862 acceperam,
728 3794 836 3864 quam
853 3773 1056 3862 prudentae
1070 3777 1099 3844 ¹!
1122 3803 1231 3870 quam

162 3902 276 3968 malti
309 3911 346 3969 ct
379 3900 490 3995 officii
521 3911 557 3969 et
579 3902 752 3970 canalii!
787 3897 879 3969 Etai
898 3905 1020 3970 amaia
1044 3905 1121 3970 aia²
1146 3929 1228 3974 aaa·

163 4028 360 4095 attacorum
396 4025 488 4096 milti
519 4027 661 4121 agoada
673 4079 684 4116 ,
717 4037 761 4094 at
784 4036 826 4094 tu
849 4026 1061 4098 admonebas
1073 4053 1084 4098 :
1111 4041 1229 4104 tamea

207 4254 250 4323 (¹)
268 4253 312 4308 3Ῑο
329 4255 422 4308 Lamb.
439 4255 501 4314 Sah.
524 4285 558 4297 --
573 4257 714 4326 prudentia
731 4257 852 4324 'ambigua
867 4259 991 4326 scriptura
1005 4257 1089 4310 Ceteri
1102 4276 1161 4309 cum
1178 4257 1227 4308 ild.

163 4343 204 4411 (Ἄ)
225 4373 258 4384 -
276 4361 300 4394 r.
328 4346 365 4394 air
385 4355 471 4396 contra
494 4345 547 4398 ld.
571 4345 715 4412 narr-Lag.
742 4347 826 4399 Luca.
850 4346 974 4399 collocant
999 4357 1055 4398 anta
1074 4344 1226 4408 magada.
