2978 5186
543 581 709 607 w

391 727 617 785 lsl’lu'.
670 727 854 784 xxltt.

128 907 166 966 In
205 905 263 968 hac
304 904 434 984 epistola
474 906 518 962 ita
547 905 596 962 sui
627 903 785 962 dissimilis
816 913 861 964 est
888 912 1011 978 auctor,
1041 914 1075 966 ut
1099 907 1162 969 fere

90 1011 169 1070 alius
199 1011 319 1071 Coelius
350 1011 507 1085 rideatur,
536 1018 567 1068 et
594 1008 685 1088 plane
717 1020 865 1068 oratorem
905 1029 1048 1088 agnoscas
1076 1012 1162 1074 Cice-

87 1119 169 1176 ronis
199 1125 296 1176 aetate
323 1115 463 1194 dignum.
505 1114 688 1174 Gravissimo
719 1114 812 1173 verbo
843 1117 1047 1192 exanimatus,
1076 1119 1161 1198 quod

88 1225 224 1300 primum
255 1221 360 1298 pouit,
391 1239 546 1278 summurn
576 1220 720 1298 exprimit
751 1229 915 1291 terrorem,
942 1220 1098 1302 facitque,
1125 1234 1162 1288 ut

89 1348 125 1386 ex
156 1328 260 1386 animo
299 1327 474 1403 scripsisse,
514 1344 574 1384 non
609 1325 711 1384 studio
743 1327 928 1402 excogitasse
954 1346 990 1386 ea
1015 1338 1160 1406 putetur,

86 1432 204 1512 quibus
229 1430 403 1489 Ciceronem
429 1449 447 1488 a
475 1432 629 1508 proposito
659 1429 810 1489 deterrere
831 1430 906 1489 vult.
949 1431 994 1490 lta
1014 1433 1161 1511 quodam..

87 1540 180 1598 modo
204 1538 300 1596 oratio
331 1535 367 1594 fit
393 1532 581 1612 probabilis,
608 1539 678 1594 ante
706 1554 799 1615 quam
833 1536 872 1594 ad
909 1555 974 1594 rem
1009 1539 1159 1598 veniatur.

86 1643 144 1704 Res
171 1651 272 1702 autem
297 1641 426 1698 vertitur
451 1639 550 1698 tribue
582 1639 778 1716 argumentis.
821 1637 852 1719 1)
884 1640 980 1698 Atros
1007 1651 1161 1703 etruscus

89 1750 148 1807 erit
187 1745 297 1806 Caesar
331 1747 367 1802 irs
404 1743 628 1802 conditionibus
659 1743 809 1822 ferendis.
851 1743 911 1802 lloc
940 1747 1093 1825 quomodo
1120 1749 1162 1826 ad¹

89 1871 229 1912 caussam
256 1853 425 1930 pertineat,
452 1869 513 1910 non
544 1849 708 1910 obscurum
736 1848 862 1928 quidem
894 1859 957 1925 cst,
983 1850 1096 1911 clarius
1117 1866 1160 1912 ta·

84 1978 155 2018 men
194 1958 365 2016 enuntiarit
403 1965 528 2026 auctor,
568 1975 660 2034 quam
687 1973 743 2014 nos
772 1951 802 2034 §.
832 1953 862 2012 2.
893 1955 1043 2033 legimus,
1075 1959 1159 2039 quod

85 2063 183 2122 oratio
211 2065 334 2122 concisa
369 2070 399 2120 et
428 2060 508 2120 male
537 2060 770 2120 cohaerentibus
797 2063 957 2120 sententiis
983 2063 1159 2126 subsultans

87 2168 180 2228 facile
199 2168 345 2228 declarat.
386 2165 419 2248 2)
451 2166 487 2226 Te
508 2167 549 2224 od
566 2166 766 2245 Pompeianos
782 2166 931 2245 profecto,
946 2187 1000 2227 uos
1022 2166 1159 2228 Caesaris

89 2292 226 2332 caussam
266 2273 363 2330 odisse
402 2282 454 2330 out
489 2271 670 2350 relinquere,
710 2281 763 2330 out
790 2272 915 2350 impiam
943 2291 968 2330 c.
983 2307 1027 2318 ·-
1053 2273 1158 2334 labere

87 2397 233 2458 rogemur.
277 2373 310 2457 3)
341 2375 429 2435 Nune
456 2385 483 2434 te
503 2408 547 2422 --
579 2375 725 2434 stultitiae
751 2385 802 2436 est.
843 2375 928 2435 Prior
951 2376 1045 2435 huius
1070 2398 1158 2456 argu·

85 2487 182 2543 menti
213 2486 363 2544 sententia
391 2481 432 2564 (§.
464 2480 493 2540 4.
522 2480 602 2562 init.)
632 2495 663 2540 et
692 2481 819 2540 obscura
847 2491 878 2540 et
899 2481 1082 2542 inconcinna
1104 2492 1157 2544 est.

84 2588 186 2648 Malim
207 2589 250 2648 ita
268 2588 406 2646 dictum:
435 2584 573 2666 Denique
602 2586 681 2644 illud
709 2589 829 2675 cogite,
851 2587 985 2666 sonasse
997 2587 1157 2665 prudentis

82 2694 202 2772 fuisse,
243 2713 311 2752 eum
339 2692 430 2750 dubie
457 2701 531 2749 esset
548 2692 700 2771 fortrruo,
729 2712 796 2749 sum
820 2710 881 2748 noa
912 2689 1043 2766 loedere,
1069 2712 1158 2772 quem

87 2799 175 2856 aluei
198 2808 296 2856 tomen
324 2797 474 2870 voluerim
508 2796 548 2854 od
585 2817 633 2854 eos
664 2817 724 2854 nort
750 2797 905 2867 werdere,
932 2815 1004 2873 quos
1032 2798 1158 2876 victores

79 2903 153 2982 fore
181 2921 240 2960 oen
267 2903 450 2980 speraveris:
468 2921 549 2958 uuae
570 2921 637 2958 aero
658 2911 685 2958 te
703 2911 859 2960 centron
879 2901 1025 2969 uolucris.
1059 2901 1157 2963 Verba

83 3027 213 3066 summos
253 3005 400 3064 stultitiae
435 3015 479 3062 est
512 3025 611 3084 neque
651 3006 817 3084 prudenter
853 3025 952 3086 neque
982 3007 1165 3080 humaniter⁴

83 3113 206 3172 addita:
231 3113 399 3170 orationem
427 3111 518 3168 etiam
547 3110 728 3170 deteriorem
754 3109 890 3188 faciunt3
927 3113 981 3170 etsi
1011 3112 1158 3174 inhuma-

82 3221 165 3277 niter
190 3217 273 3276 dicta
301 3215 397 3292 magis
413 3216 523 3272 nostris
544 3215 717 3274 videantur.
759 3215 962 3276 Romanorum
986 3219 1068 3278 enim
1089 3239 1155 3295 gra·

81 3326 161 3382 vitas
188 3324 221 3380 in
247 3340 367 3384 summa
398 3321 489 3380 etiarn
523 3320 697 3380 urbanitate
721 3321 882 3379 candorem
911 3322 1065 3400 quendam
1095 3343 1156 3384 eer-

80 3428 191 3502 rabat‚
227 3446 320 3506 quem
360 3445 421 3485 non
459 3434 588 3502 natura,
612 3425 666 3484 sed
693 3435 796 3484 nostra
817 3434 899 3512 aetas
928 3427 1008 3486 iusto
1034 3427 1155 3490 mollior

82 3533 209 3610 respuit.
251 3531 383 3610 Reliqua
398 3531 555 3590 brevitatis
572 3530 676 3589 studio
696 3531 856 3588 mittimus.

122 3636 262 3695 Ceterum
294 3635 371 3694 utile
393 3637 452 3694 erit
485 3634 618 3694 Caesaris
644 3635 803 3715 epistolam
828 3633 875 3692 vl.
905 3633 956 3713 [ad
973 3635 1034 3696 Att'.
1055 3637 1088 3698 X.
1110 3638 1153 3722 8.]

81 3761 155 3800 cum
183 3743 239 3800 hac
271 3741 366 3800 Coelii
391 3759 574 3818 comparare.
618 3741 710 3798 Nobis
732 3740 806 3797 haee
826 3739 950 3816 quidem
972 3741 1153 3820 diligentius

82 3856 112 3906 et
141 3819 237 3924 magis
263 3847 392 3906 oratorie
422 3848 554 3924 scripta,
586 3845 641 3903 sed
670 3845 723 3902 illa
751 3856 853 3903 tannen
881 3848 1014 3912 naturali
1044 3848 1154 3910 habitu

83 3951 228 4030 epistolae
259 3953 355 4030 magis
375 3951 502 4026 decora,
527 3970 584 4009 nec
598 3953 701 4009 minus
719 3952 818 4028 gravis
839 3948 877 4006 ad
899 3953 1153 4014 commovendum

81 4057 214 4117 videtur.
255 4057 387 4117 inferior
409 4068 540 4134 utraque
567 4067 613 4114 est
638 4055 810 4116 Dolabellae
832 4055 958 4134 epistola
990 4054 1041 4134 [ad
1070 4058 1151 4119 Fam.

81 4163 133 4222 IX.
156 4162 199 4242 9.]
1026 4162 1153 4224 Wruus.

123 4266 155 4348 ᾗ.
178 4268 206 4328 1.
240 4287 311 4346 per
340 4266 487 4323 liberos
518 4285 592 4324 oro.
635 4265 741 4324 Validn
761 4265 1008 4326 istaobteatatio.
1033 4267 1149 4328 Terent.

81 4371 177 4434 Andr.
208 4373 261 4432 111.
289 4371 318 4432 3.
347 4371 375 4430 7.
397 4391 448 4428 oro
465 4371 582 4450 Perque
601 4372 723 4430 unicum
737 4380 861 4451 gnatam
879 4381 959 4432 tuom
977 4381 1006 4431 et
1021 4382 1149 4452 gnatum
