<?xml version="1.0" encoding="UTF-8"?>
<!DOCTYPE html PUBLIC "-//W3C//DTD XHTML 1.0 Transitional//EN"
    "http://www.w3.org/TR/xhtml1/DTD/xhtml1-transitional.dtd">
<html xmlns="http://www.w3.org/1999/xhtml" xml:lang="en" lang="en">
 <head>
  <title>
</title>
<meta http-equiv="Content-Type" content="text/html;charset=utf-8" />
  <meta name='ocr-system' content='tesseract 3.04.00' />
  <meta name='ocr-capabilities' content='ocr_page ocr_carea ocr_par ocr_line ocrx_word'/>
</head>
<body>
  <div class='ocr_page' id='page_1' title='image "./caeliirufietcic00surigoog_0068.png"; bbox 0 0 3034 5166; ppageno 0'>
   <div class='ocr_carea' id='block_1_1' title="bbox 420 539 930 735">
    <p class='ocr_par' dir='ltr' id='par_1_1' title="bbox 420 539 930 735">
     <span class='ocr_line' id='line_1_1' title="bbox 420 539 930 632; baseline 0.008 -6"><span class='ocrx_word' id='word_1_1' title='bbox 420 539 710 628; x_wconf 76' lang='lat' dir='ltr'><strong>nrrsno&#39;na</strong></span> <span class='ocrx_word' id='word_1_2' title='bbox 759 571 930 632; x_wconf 78' lang='lat' dir='ltr'><strong>mu.</strong></span> 
     </span>
     <span class='ocr_line' id='line_1_2' title="bbox 531 665 827 735; baseline 0.003 -18"><span class='ocrx_word' id='word_1_3' title='bbox 531 667 576 735; x_wconf 84' lang='lat' dir='ltr'><strong>(ad</strong></span> <span class='ocrx_word' id='word_1_4' title='bbox 593 666 665 718; x_wconf 79' lang='lat' dir='ltr'><strong>Fun·</strong></span> <span class='ocrx_word' id='word_1_5' title='bbox 684 665 755 718; x_wconf 80' lang='lat' dir='ltr'><strong>vm.</strong></span> <span class='ocrx_word' id='word_1_6' title='bbox 774 667 827 734; x_wconf 80' lang='lat' dir='ltr'><strong>ts.)</strong></span> 
     </span>
    </p>
   </div>
   <div class='ocr_carea' id='block_1_2' title="bbox 525 849 821 919">
    <p class='ocr_par' dir='ltr' id='par_1_2' title="bbox 525 849 821 919">
     <span class='ocr_line' id='line_1_3' title="bbox 525 849 821 919; baseline 0.017 -14"><span class='ocrx_word' id='word_1_7' title='bbox 525 849 821 919; x_wconf 68' lang='lat' dir='ltr'><strong>Aruumentnnr.</strong></span> 
     </span>
    </p>
   </div>
   <div class='ocr_carea' id='block_1_3' title="bbox 129 1031 1207 1662">
    <p class='ocr_par' dir='ltr' id='par_1_3' title="bbox 129 1031 1207 1662">
     <span class='ocr_line' id='line_1_4' title="bbox 176 1031 1205 1146; baseline 0.007 -26"><span class='ocrx_word' id='word_1_8' title='bbox 176 1031 315 1127; x_wconf 81' lang='lat' dir='ltr'><strong>Caclius</strong></span> <span class='ocrx_word' id='word_1_9' title='bbox 351 1061 521 1140; x_wconf 77' lang='lat' dir='ltr'><strong>gratulatur</strong></span> <span class='ocrx_word' id='word_1_10' title='bbox 551 1062 691 1123; x_wconf 75' lang='lat' dir='ltr'><strong>Ciceroni</strong></span> <span class='ocrx_word' id='word_1_11' title='bbox 717 1064 896 1124; x_wconf 84' lang='lat' dir='ltr'><strong>affinitatem</strong></span> <span class='ocrx_word' id='word_1_12' title='bbox 927 1063 1119 1138; x_wconf 72' lang='lat' dir='ltr'>Dolabellae,</span> <span class='ocrx_word' id='word_1_13' title='bbox 1150 1067 1205 1146; x_wconf 86' lang='lat' dir='ltr'><strong>qui</strong></span> 
     </span>
     <span class='ocr_line' id='line_1_5' title="bbox 132 1164 1206 1244; baseline 0.004 -20"><span class='ocrx_word' id='word_1_14' title='bbox 132 1165 289 1241; x_wconf 86' lang='lat' dir='ltr'><strong>Tulliam,</strong></span> <span class='ocrx_word' id='word_1_15' title='bbox 311 1167 375 1224; x_wconf 92' lang='lat' dir='ltr'><strong>eius</strong></span> <span class='ocrx_word' id='word_1_16' title='bbox 389 1165 486 1224; x_wconf 87' lang='lat' dir='ltr'><strong>liliam</strong></span> <span class='ocrx_word' id='word_1_17' title='bbox 502 1164 651 1244; x_wconf 75' lang='lat' dir='ltr'><strong>duxerat5</strong></span> <span class='ocrx_word' id='word_1_18' title='bbox 668 1167 758 1227; x_wconf 89' lang='lat' dir='ltr'><strong>cuius</strong></span> <span class='ocrx_word' id='word_1_19' title='bbox 775 1167 949 1228; x_wconf 78' lang='lat' dir='ltr'>Dolabellae</span> <span class='ocrx_word' id='word_1_20' title='bbox 967 1169 1043 1229; x_wconf 77' lang='lat' dir='ltr'><strong>vitia</strong></span> <span class='ocrx_word' id='word_1_21' title='bbox 1058 1169 1206 1230; x_wconf 80' lang='lat' dir='ltr'><strong>iuvenilia</strong></span> 
     </span>
     <span class='ocr_line' id='line_1_6' title="bbox 130 1269 1206 1352; baseline 0.004 -24"><span class='ocrx_word' id='word_1_22' title='bbox 130 1278 188 1328; x_wconf 87' lang='lat' dir='ltr'><strong>aut</strong></span> <span class='ocrx_word' id='word_1_23' title='bbox 217 1271 277 1328; x_wconf 89' lang='lat' dir='ltr'><strong>ianr</strong></span> <span class='ocrx_word' id='word_1_24' title='bbox 307 1269 443 1348; x_wconf 85' lang='lat' dir='ltr'><strong>deposita</strong></span> <span class='ocrx_word' id='word_1_25' title='bbox 469 1289 534 1330; x_wconf 87' lang='lat' dir='ltr'><strong>esse</strong></span> <span class='ocrx_word' id='word_1_26' title='bbox 558 1271 635 1331; x_wconf 89' lang='lat' dir='ltr'><strong>dicit</strong></span> <span class='ocrx_word' id='word_1_27' title='bbox 663 1282 716 1332; x_wconf 88' lang='lat' dir='ltr'><strong>ant</strong></span> <span class='ocrx_word' id='word_1_28' title='bbox 739 1290 811 1331; x_wconf 86' lang='lat' dir='ltr'><strong>mox</strong></span> <span class='ocrx_word' id='word_1_29' title='bbox 830 1272 1003 1352; x_wconf 87' lang='lat' dir='ltr'><strong>depositum</strong></span> <span class='ocrx_word' id='word_1_30' title='bbox 1019 1272 1058 1331; x_wconf 87' lang='lat' dir='ltr'><strong>iri</strong></span> <span class='ocrx_word' id='word_1_31' title='bbox 1078 1272 1206 1332; x_wconf 86' lang='lat' dir='ltr'><strong>conlidit</strong></span> 
     </span>
     <span class='ocr_line' id='line_1_7' title="bbox 129 1371 1207 1454; baseline 0.002 -24"><span class='ocrx_word' id='word_1_32' title='bbox 129 1371 163 1454; x_wconf 63' lang='lat'><strong>5.</strong></span> <span class='ocrx_word' id='word_1_33' title='bbox 184 1373 212 1431; x_wconf 91' lang='lat'><strong>1.</strong></span> <span class='ocrx_word' id='word_1_34' title='bbox 253 1373 368 1432; x_wconf 84' lang='lat' dir='ltr'>Deinde</span> <span class='ocrx_word' id='word_1_35' title='bbox 399 1374 438 1433; x_wconf 90' lang='lat' dir='ltr'><strong>de</strong></span> <span class='ocrx_word' id='word_1_36' title='bbox 465 1373 607 1436; x_wconf 82' lang='lat' dir='ltr'><strong>Curionis</strong></span> <span class='ocrx_word' id='word_1_37' title='bbox 633 1376 750 1435; x_wconf 91' lang='lat' dir='ltr'><strong>tribuni</strong></span> <span class='ocrx_word' id='word_1_38' title='bbox 764 1375 864 1454; x_wconf 87' lang='lat' dir='ltr'><strong>plebis</strong></span> <span class='ocrx_word' id='word_1_39' title='bbox 884 1376 1101 1435; x_wconf 71' lang='lat' dir='ltr'><strong>intercessione</strong></span> <span class='ocrx_word' id='word_1_40' title='bbox 1118 1383 1148 1432; x_wconf 90' lang='lat' dir='ltr'><strong>et</strong></span> <span class='ocrx_word' id='word_1_41' title='bbox 1167 1373 1207 1432; x_wconf 87' lang='lat' dir='ltr'><strong>do</strong></span> 
     </span>
     <span class='ocr_line' id='line_1_8' title="bbox 129 1477 1205 1559; baseline -0.001 -23"><span class='ocrx_word' id='word_1_42' title='bbox 129 1477 297 1556; x_wconf 76' lang='lat' dir='ltr'><strong>provinciis</strong></span> <span class='ocrx_word' id='word_1_43' title='bbox 311 1479 389 1558; x_wconf 88' lang='lat' dir='ltr'><strong>quid</strong></span> <span class='ocrx_word' id='word_1_44' title='bbox 408 1487 512 1538; x_wconf 89' lang='lat' dir='ltr'><strong>actum</strong></span> <span class='ocrx_word' id='word_1_45' title='bbox 533 1481 573 1538; x_wconf 85' lang='lat' dir='ltr'><strong>sit</strong></span> <span class='ocrx_word' id='word_1_46' title='bbox 582 1523 591 1555; x_wconf 89' lang='lat'><strong><em>,</em></strong></span> <span class='ocrx_word' id='word_1_47' title='bbox 608 1480 733 1559; x_wconf 83' lang='lat' dir='ltr'><strong>exponit</strong></span> <span class='ocrx_word' id='word_1_48' title='bbox 747 1477 778 1558; x_wconf 59' lang='grc' dir='ltr'><strong>ς.</strong></span> <span class='ocrx_word' id='word_1_49' title='bbox 788 1478 818 1539; x_wconf 83' lang='grc'><strong>2.</strong></span> <span class='ocrx_word' id='word_1_50' title='bbox 859 1478 997 1558; x_wconf 85' lang='lat' dir='ltr'><strong>Denique</strong></span> <span class='ocrx_word' id='word_1_51' title='bbox 1011 1477 1205 1538; x_wconf 73' lang='lat' dir='ltr'><strong>Hortensium</strong></span> 
     </span>
     <span class='ocr_line' id='line_1_9' title="bbox 130 1581 618 1662; baseline -0.002 -22"><span class='ocrx_word' id='word_1_52' title='bbox 130 1583 375 1660; x_wconf 71' lang='lat' dir='ltr'><strong>animam&#39;apere</strong></span> <span class='ocrx_word' id='word_1_53' title='bbox 395 1583 517 1642; x_wconf 90' lang='lat' dir='ltr'><strong>nuntiat</strong></span> <span class='ocrx_word' id='word_1_54' title='bbox 536 1581 567 1662; x_wconf 65' lang='grc' dir='ltr'><strong>ς.</strong></span> <span class='ocrx_word' id='word_1_55' title='bbox 588 1582 618 1642; x_wconf 85' lang='grc'><strong>3.</strong></span> 
     </span>
    </p>
   </div>
   <div class='ocr_carea' id='block_1_4' title="bbox 173 1737 1207 1859">
    <p class='ocr_par' dir='ltr' id='par_1_4' title="bbox 173 1737 1207 1859">
     <span class='ocr_line' id='line_1_10' title="bbox 173 1737 1207 1859; baseline 0.002 -25"><span class='ocrx_word' id='word_1_56' title='bbox 173 1775 256 1834; x_wconf 85' lang='lat' dir='ltr'><strong>lianc</strong></span> <span class='ocrx_word' id='word_1_57' title='bbox 282 1794 344 1835; x_wconf 92' lang='lat' dir='ltr'><strong>non</strong></span> <span class='ocrx_word' id='word_1_58' title='bbox 370 1737 473 1856; x_wconf 76' lang='lat' dir='ltr'><strong>lnnlto</strong></span> <span class='ocrx_word' id='word_1_59' title='bbox 504 1785 574 1855; x_wconf 89' lang='lat' dir='ltr'><strong>post</strong></span> <span class='ocrx_word' id='word_1_60' title='bbox 600 1777 788 1859; x_wconf 89' lang='lat' dir='ltr'><strong>superiorem</strong></span> <span class='ocrx_word' id='word_1_61' title='bbox 815 1784 934 1858; x_wconf 89' lang='lat' dir='ltr'><strong>oportet</strong></span> <span class='ocrx_word' id='word_1_62' title='bbox 960 1796 1026 1836; x_wconf 68' lang='lat' dir='ltr'><strong>mse</strong></span> <span class='ocrx_word' id='word_1_63' title='bbox 1043 1778 1207 1855; x_wconf 84' lang='lat' dir='ltr'><strong>scriptam,</strong></span> 
     </span>
    </p>
   </div>
   <div class='ocr_carea' id='block_1_5' title="bbox 129 1879 1208 2582">
    <p class='ocr_par' dir='ltr' id='par_1_5' title="bbox 129 1879 1208 2582">
     <span class='ocr_line' id='line_1_11' title="bbox 135 1879 1208 1960; baseline 0.002 -24"><span class='ocrx_word' id='word_1_64' title='bbox 135 1881 212 1958; x_wconf 88' lang='lat' dir='ltr'><strong>qnia</strong></span> <span class='ocrx_word' id='word_1_65' title='bbox 235 1879 337 1940; x_wconf 83' lang='lat' dir='ltr'><strong>Cicero</strong></span> <span class='ocrx_word' id='word_1_66' title='bbox 368 1880 407 1940; x_wconf 90' lang='lat' dir='ltr'><strong>ad</strong></span> <span class='ocrx_word' id='word_1_67' title='bbox 438 1890 601 1960; x_wconf 87' lang='lat' dir='ltr'><strong>utramque</strong></span> <span class='ocrx_word' id='word_1_68' title='bbox 618 1882 713 1941; x_wconf 89' lang='lat' dir='ltr'><strong>simul</strong></span> <span class='ocrx_word' id='word_1_69' title='bbox 729 1881 892 1960; x_wconf 85' lang='lat' dir='ltr'><strong>respondet</strong></span> <span class='ocrx_word' id='word_1_70' title='bbox 908 1881 961 1959; x_wconf 84' lang='lat' dir='ltr'><strong>Ep.</strong></span> <span class='ocrx_word' id='word_1_71' title='bbox 975 1881 1045 1953; x_wconf 76' lang='lat' dir='ltr'><strong>xx,</strong></span> <span class='ocrx_word' id='word_1_72' title='bbox 1064 1900 1144 1958; x_wconf 89' lang='lat' dir='ltr'><strong>quae</strong></span> <span class='ocrx_word' id='word_1_73' title='bbox 1164 1883 1208 1938; x_wconf 86' lang='lat' dir='ltr'><strong>vi·</strong></span> 
     </span>
     <span class='ocr_line' id='line_1_12' title="bbox 130 1981 1206 2064; baseline 0.002 -23"><span class='ocrx_word' id='word_1_74' title='bbox 130 1982 225 2042; x_wconf 86' lang='lat' dir='ltr'><strong>detur</strong></span> <span class='ocrx_word' id='word_1_75' title='bbox 251 1984 343 2043; x_wconf 88' lang='lat' dir='ltr'><strong>simul</strong></span> <span class='ocrx_word' id='word_1_76' title='bbox 369 1985 460 2044; x_wconf 89' lang='lat' dir='ltr'><strong>missa</strong></span> <span class='ocrx_word' id='word_1_77' title='bbox 489 2004 552 2046; x_wconf 85' lang='lat' dir='ltr'><strong>esse</strong></span> <span class='ocrx_word' id='word_1_78' title='bbox 577 2005 650 2045; x_wconf 88' lang='lat' dir='ltr'><strong>cuna</strong></span> <span class='ocrx_word' id='word_1_79' title='bbox 682 1985 810 2064; x_wconf 85' lang='lat' dir='ltr'><strong>epistola</strong></span> <span class='ocrx_word' id='word_1_80' title='bbox 837 1984 875 2044; x_wconf 91' lang='lat' dir='ltr'><strong>ad</strong></span> <span class='ocrx_word' id='word_1_81' title='bbox 893 1984 956 2045; x_wconf 79' lang='lat' dir='ltr'><strong>Aa.</strong></span> <span class='ocrx_word' id='word_1_82' title='bbox 975 1983 1024 2043; x_wconf 80' lang='lat' dir='ltr'><strong>Vl.</strong></span> <span class='ocrx_word' id='word_1_83' title='bbox 1042 1981 1072 2042; x_wconf 88' lang='lat'><strong>6.</strong></span> <span class='ocrx_word' id='word_1_84' title='bbox 1091 1983 1123 2041; x_wconf 92' lang='lat' dir='ltr'><strong>in</strong></span> <span class='ocrx_word' id='word_1_85' title='bbox 1143 2001 1206 2062; x_wconf 89' lang='lat' dir='ltr'><strong>qua</strong></span> 
     </span>
     <span class='ocr_line' id='line_1_13' title="bbox 130 2085 1206 2166; baseline -0.002 -20"><span class='ocrx_word' id='word_1_86' title='bbox 130 2089 278 2148; x_wconf 89' lang='lat' dir='ltr'><strong>nuntium</strong></span> <span class='ocrx_word' id='word_1_87' title='bbox 306 2087 344 2146; x_wconf 88' lang='lat' dir='ltr'><strong>de</strong></span> <span class='ocrx_word' id='word_1_88' title='bbox 371 2087 521 2148; x_wconf 85' lang='lat' dir='ltr'><strong>Hortensii</strong></span> <span class='ocrx_word' id='word_1_89' title='bbox 550 2087 745 2148; x_wconf 86' lang='lat' dir='ltr'><strong>acerbissimo</strong></span> <span class='ocrx_word' id='word_1_90' title='bbox 772 2106 846 2148; x_wconf 87' lang='lat' dir='ltr'><strong>casu</strong></span> <span class='ocrx_word' id='word_1_91' title='bbox 873 2088 1025 2166; x_wconf 85' lang='lat' dir='ltr'><strong>accepisse</strong></span> <span class='ocrx_word' id='word_1_92' title='bbox 1053 2085 1206 2164; x_wconf 76' lang='lat' dir='ltr'><strong>siguificat</strong></span> 
     </span>
     <span class='ocr_line' id='line_1_14' title="bbox 129 2187 1204 2270; baseline 0.001 -22"><span class='ocrx_word' id='word_1_93' title='bbox 129 2187 161 2270; x_wconf 62' lang='lat'><strong>5.</strong></span> <span class='ocrx_word' id='word_1_94' title='bbox 178 2189 207 2248; x_wconf 89' lang='grc'><strong>2.</strong></span> <span class='ocrx_word' id='word_1_95' title='bbox 250 2189 296 2249; x_wconf 86' lang='lat' dir='ltr'><strong>De</strong></span> <span class='ocrx_word' id='word_1_96' title='bbox 321 2190 481 2250; x_wconf 76' lang='lat' dir='ltr'><strong>Hortensio</strong></span> <span class='ocrx_word' id='word_1_97' title='bbox 509 2201 538 2250; x_wconf 87' lang='lat' dir='ltr'><strong>tc</strong></span> <span class='ocrx_word' id='word_1_98' title='bbox 558 2201 636 2250; x_wconf 80' lang='lat' dir='ltr'><strong>certo</strong></span> <span class='ocrx_word' id='word_1_99' title='bbox 665 2194 728 2250; x_wconf 86' lang='lat' dir='ltr'><strong>scio</strong></span> <span class='ocrx_word' id='word_1_100' title='bbox 754 2191 866 2250; x_wconf 80' lang='lat' dir='ltr'><strong>dolare:</strong></span> <span class='ocrx_word' id='word_1_101' title='bbox 887 2191 1023 2270; x_wconf 70' lang='lat' dir='ltr'><strong>squidem</strong></span> <span class='ocrx_word' id='word_1_102' title='bbox 1039 2191 1204 2249; x_wconf 72' lang='lat' dir='ltr'><strong>secrecius.</strong></span> 
     </span>
     <span class='ocr_line' id='line_1_15' title="bbox 130 2291 1206 2375; baseline 0.001 -21"><span class='ocrx_word' id='word_1_103' title='bbox 130 2291 292 2354; x_wconf 85' lang='lat' dir='ltr'><strong>Decrsrom</strong></span> <span class='ocrx_word' id='word_1_104' title='bbox 314 2297 395 2353; x_wconf 80' lang='lat' dir='ltr'><strong>esaim</strong></span> <span class='ocrx_word' id='word_1_105' title='bbox 418 2315 487 2353; x_wconf 81' lang='lat' dir='ltr'><strong>cum</strong></span> <span class='ocrx_word' id='word_1_106' title='bbox 511 2314 546 2352; x_wconf 87' lang='lat' dir='ltr'><strong>so</strong></span> <span class='ocrx_word' id='word_1_107' title='bbox 573 2295 657 2354; x_wconf 83' lang='lat' dir='ltr'><strong>valde</strong></span> <span class='ocrx_word' id='word_1_108' title='bbox 670 2295 876 2375; x_wconf 79' lang='lat' dir='ltr'><strong>familiariter</strong></span> <span class='ocrx_word' id='word_1_109' title='bbox 898 2296 1007 2354; x_wconf 61' lang='lat' dir='ltr'><strong>dossa</strong></span> <span class='ocrx_word' id='word_1_110' title='bbox 1048 2294 1091 2353; x_wconf 88' lang='lat' dir='ltr'><strong>lle</strong></span> <span class='ocrx_word' id='word_1_111' title='bbox 1108 2302 1206 2355; x_wconf 86' lang='lat' dir='ltr'><strong>morte</strong></span> 
     </span>
     <span class='ocr_line' id='line_1_16' title="bbox 129 2395 1206 2477; baseline 0 -21"><span class='ocrx_word' id='word_1_112' title='bbox 129 2406 233 2457; x_wconf 86' lang='lat' dir='ltr'><strong>antem</strong></span> <span class='ocrx_word' id='word_1_113' title='bbox 251 2398 402 2457; x_wconf 82' lang='lat' dir='ltr'><strong>Hortensii</strong></span> <span class='ocrx_word' id='word_1_114' title='bbox 423 2398 547 2458; x_wconf 89' lang='lat' dir='ltr'><strong>demum</strong></span> <span class='ocrx_word' id='word_1_115' title='bbox 565 2398 693 2458; x_wconf 89' lang='lat' dir='ltr'><strong>allatum</strong></span> <span class='ocrx_word' id='word_1_116' title='bbox 711 2409 756 2457; x_wconf 92' lang='lat' dir='ltr'><strong>est</strong></span> <span class='ocrx_word' id='word_1_117' title='bbox 773 2398 929 2474; x_wconf 85' lang='lat' dir='ltr'><strong>Ciceroni,</strong></span> <span class='ocrx_word' id='word_1_118' title='bbox 952 2419 1043 2477; x_wconf 76' lang='lat' dir='ltr'><strong>qoam</strong></span> <span class='ocrx_word' id='word_1_119' title='bbox 1059 2418 1075 2456; x_wconf 88' lang='lat' dir='ltr'>a</span> <span class='ocrx_word' id='word_1_120' title='bbox 1093 2395 1206 2457; x_wconf 85' lang='lat' dir='ltr'><strong>Cilicio</strong></span> 
     </span>
     <span class='ocr_line' id='line_1_17' title="bbox 131 2499 1127 2582; baseline 0 -23"><span class='ocrx_word' id='word_1_121' title='bbox 131 2501 288 2576; x_wconf 77' lang='lat' dir='ltr'><strong>decedam,</strong></span> <span class='ocrx_word' id='word_1_122' title='bbox 310 2500 450 2560; x_wconf 74' lang='lat' dir='ltr'><strong>Iliadum</strong></span> <span class='ocrx_word' id='word_1_123' title='bbox 470 2503 614 2578; x_wconf 70' lang='lat' dir='ltr'><strong>emisset,</strong></span> <span class='ocrx_word' id='word_1_124' title='bbox 634 2511 670 2563; x_wconf 90' lang='lat' dir='ltr'><strong>nt</strong></span> <span class='ocrx_word' id='word_1_125' title='bbox 685 2505 751 2582; x_wconf 90' lang='lat' dir='ltr'><strong>ipss</strong></span> <span class='ocrx_word' id='word_1_126' title='bbox 770 2503 880 2562; x_wconf 83' lang='lat' dir='ltr'><strong>scribit</strong></span> <span class='ocrx_word' id='word_1_127' title='bbox 897 2503 930 2561; x_wconf 96' lang='lat' dir='ltr'><strong>in</strong></span> <span class='ocrx_word' id='word_1_128' title='bbox 944 2503 1027 2562; x_wconf 86' lang='lat' dir='ltr'><strong>Brut.</strong></span> <span class='ocrx_word' id='word_1_129' title='bbox 1048 2519 1075 2562; x_wconf 88' lang='lat' dir='ltr'><strong>c.</strong></span> <span class='ocrx_word' id='word_1_130' title='bbox 1099 2499 1127 2559; x_wconf 92' lang='lat'><strong>1.</strong></span> 
     </span>
    </p>
   </div>
   <div class='ocr_carea' id='block_1_6' title="bbox 435 2671 887 2756">
    <p class='ocr_par' dir='ltr' id='par_1_6' title="bbox 435 2671 887 2756">
     <span class='ocr_line' id='line_1_18' title="bbox 435 2671 887 2756; baseline -0.004 0"><span class='ocrx_word' id='word_1_131' title='bbox 435 2671 601 2756; x_wconf 78' lang='lat' dir='ltr'><strong>Gsnnrns</strong></span> <span class='ocrx_word' id='word_1_132' title='bbox 629 2671 816 2756; x_wconf 66' lang='lat' dir='ltr'><strong>&amp;annom</strong></span> <span class='ocrx_word' id='word_1_133' title='bbox 845 2673 887 2755; x_wconf 89' lang='lat' dir='ltr'><strong>S.</strong></span> 
     </span>
    </p>
   </div>
   <div class='ocr_carea' id='block_1_7' title="bbox 133 2871 1203 3862">
    <p class='ocr_par' dir='ltr' id='par_1_7' title="bbox 133 2871 1203 3862">
     <span class='ocr_line' id='line_1_19' title="bbox 184 2871 1201 2966; baseline -0.005 -21"><span class='ocrx_word' id='word_1_134' title='bbox 184 2875 343 2947; x_wconf 81' lang='lat' dir='ltr'><strong>Gratulor</strong></span> <span class='ocrx_word' id='word_1_135' title='bbox 369 2875 433 2946; x_wconf 93' lang='lat' dir='ltr'><strong>tibi</strong></span> <span class='ocrx_word' id='word_1_136' title='bbox 457 2875 646 2948; x_wconf 88' lang='lat' dir='ltr'><strong>affinitate¹</strong></span> <span class='ocrx_word' id='word_1_137' title='bbox 680 2875 743 2945; x_wconf 84' lang='lat' dir='ltr'><strong>viri</strong></span> <span class='ocrx_word' id='word_1_138' title='bbox 777 2873 910 2944; x_wconf 89' lang='lat' dir='ltr'><strong>medius</strong></span> <span class='ocrx_word' id='word_1_139' title='bbox 932 2871 1036 2941; x_wconf 91' lang='lat' dir='ltr'><strong>fidius</strong></span> <span class='ocrx_word' id='word_1_140' title='bbox 1058 2873 1201 2966; x_wconf 88' lang='lat' dir='ltr'><strong>optimi:</strong></span> 
     </span>
     <span class='ocr_line' id='line_1_20' title="bbox 133 2997 1199 3096; baseline -0.006 -21"><span class='ocrx_word' id='word_1_141' title='bbox 133 3024 214 3075; x_wconf 90' lang='lat' dir='ltr'><strong>nam</strong></span> <span class='ocrx_word' id='word_1_142' title='bbox 238 3003 302 3076; x_wconf 93' lang='lat' dir='ltr'><strong>hoc</strong></span> <span class='ocrx_word' id='word_1_143' title='bbox 324 3028 387 3096; x_wconf 84' lang='lat' dir='ltr'><strong>ego</strong></span> <span class='ocrx_word' id='word_1_144' title='bbox 406 3001 451 3074; x_wconf 90' lang='lat' dir='ltr'><strong>de</strong></span> <span class='ocrx_word' id='word_1_145' title='bbox 476 3003 537 3073; x_wconf 94' lang='lat' dir='ltr'><strong>illo</strong></span> <span class='ocrx_word' id='word_1_146' title='bbox 561 3002 725 3072; x_wconf 87' lang='lat' dir='ltr'><strong>existimo.</strong></span> <span class='ocrx_word' id='word_1_147' title='bbox 776 2999 899 3072; x_wconf 86' lang='lat' dir='ltr'><strong>Cetera</strong></span> <span class='ocrx_word' id='word_1_148' title='bbox 923 3021 1046 3093; x_wconf 86' lang='lat' dir='ltr'><strong>porro,</strong></span> <span class='ocrx_word' id='word_1_149' title='bbox 1071 2997 1199 3090; x_wconf 85' lang='lat' dir='ltr'><strong>quibus</strong></span> 
     </span>
     <span class='ocr_line' id='line_1_21' title="bbox 137 3126 1200 3225; baseline -0.002 -27"><span class='ocrx_word' id='word_1_150' title='bbox 137 3129 250 3199; x_wconf 89' lang='lat' dir='ltr'><strong>adhuc</strong></span> <span class='ocrx_word' id='word_1_151' title='bbox 281 3129 340 3199; x_wconf 90' lang='lat' dir='ltr'><strong>ille</strong></span> <span class='ocrx_word' id='word_1_152' title='bbox 374 3129 439 3200; x_wconf 91' lang='lat' dir='ltr'><strong>sibi</strong></span> <span class='ocrx_word' id='word_1_153' title='bbox 464 3153 589 3225; x_wconf 87' lang='lat' dir='ltr'><strong>parum</strong></span> <span class='ocrx_word' id='word_1_154' title='bbox 611 3129 705 3198; x_wconf 86' lang='lat' dir='ltr'><strong>utilis</strong></span> <span class='ocrx_word' id='word_1_155' title='bbox 726 3126 814 3218; x_wconf 89' lang='lat' dir='ltr'><strong>fuit,</strong></span> <span class='ocrx_word' id='word_1_156' title='bbox 840 3139 875 3198; x_wconf 88' lang='lat' dir='ltr'><strong>et</strong></span> <span class='ocrx_word' id='word_1_157' title='bbox 897 3137 1008 3199; x_wconf 86' lang='lat' dir='ltr'><strong>aetate</strong></span> <span class='ocrx_word' id='word_1_158' title='bbox 1030 3127 1097 3197; x_wconf 91' lang='lat' dir='ltr'><strong>iam</strong></span> <span class='ocrx_word' id='word_1_159' title='bbox 1119 3138 1200 3197; x_wconf 87' lang='lat' dir='ltr'><strong>suut</strong></span> 
     </span>
     <span class='ocr_line' id='line_1_22' title="bbox 137 3255 1201 3352; baseline -0.002 -24"><span class='ocrx_word' id='word_1_160' title='bbox 137 3255 313 3352; x_wconf 70' lang='lat' dir='ltr'><strong>decussa²‚</strong></span> <span class='ocrx_word' id='word_1_161' title='bbox 350 3265 385 3328; x_wconf 83' lang='lat' dir='ltr'><strong>et</strong></span> <span class='ocrx_word' id='word_1_162' title='bbox 409 3258 656 3330; x_wconf 85' lang='lat' dir='ltr'><strong>consuetudine</strong></span> <span class='ocrx_word' id='word_1_163' title='bbox 681 3269 786 3350; x_wconf 88' lang='lat' dir='ltr'><strong>atque</strong></span> <span class='ocrx_word' id='word_1_164' title='bbox 807 3257 1009 3326; x_wconf 85' lang='lat' dir='ltr'><strong>auctoritate</strong></span> <span class='ocrx_word' id='word_1_165' title='bbox 1032 3268 1115 3345; x_wconf 89' lang='lat' dir='ltr'><strong>tua,</strong></span> <span class='ocrx_word' id='word_1_166' title='bbox 1138 3281 1201 3349; x_wconf 89' lang='lat' dir='ltr'><strong>pu·</strong></span> 
     </span>
     <span class='ocr_line' id='line_1_23' title="bbox 137 3375 1203 3479; baseline -0.004 -25"><span class='ocrx_word' id='word_1_167' title='bbox 137 3385 246 3456; x_wconf 78' lang='lat' dir='ltr'><strong>dore³</strong></span> <span class='ocrx_word' id='word_1_168' title='bbox 280 3385 434 3474; x_wconf 87' lang='lat' dir='ltr'><strong>Tulliae,</strong></span> <span class='ocrx_word' id='word_1_169' title='bbox 470 3387 496 3454; x_wconf 91' lang='lat' dir='ltr'><strong>si</strong></span> <span class='ocrx_word' id='word_1_170' title='bbox 532 3409 601 3479; x_wconf 90' lang='lat' dir='ltr'><strong>qna</strong></span> <span class='ocrx_word' id='word_1_171' title='bbox 636 3383 840 3472; x_wconf 88' lang='lat' dir='ltr'><strong>restabunt,</strong></span> <span class='ocrx_word' id='word_1_172' title='bbox 876 3379 1011 3452; x_wconf 89' lang='lat' dir='ltr'><strong>confido</strong></span> <span class='ocrx_word' id='word_1_173' title='bbox 1047 3375 1203 3470; x_wconf 75' lang='lat' dir='ltr'><strong>celeriter</strong></span> 
     </span>
     <span class='ocr_line' id='line_1_24' title="bbox 136 3509 1200 3608; baseline 0 -28"><span class='ocrx_word' id='word_1_174' title='bbox 136 3511 312 3582; x_wconf 82' lang='lat' dir='ltr'><strong>sublatum</strong></span> <span class='ocrx_word' id='word_1_175' title='bbox 346 3515 398 3583; x_wconf 91' lang='lat' dir='ltr'><strong>iri.</strong></span> <span class='ocrx_word' id='word_1_176' title='bbox 449 3514 522 3585; x_wconf 90' lang='lat' dir='ltr'><strong>Non</strong></span> <span class='ocrx_word' id='word_1_177' title='bbox 548 3526 599 3584; x_wconf 84' lang='lat' dir='ltr'><strong>est</strong></span> <span class='ocrx_word' id='word_1_178' title='bbox 632 3514 723 3584; x_wconf 90' lang='lat' dir='ltr'><strong>enim</strong></span> <span class='ocrx_word' id='word_1_179' title='bbox 745 3533 882 3608; x_wconf 83' lang='lat' dir='ltr'><strong>pugnax</strong></span> <span class='ocrx_word' id='word_1_180' title='bbox 907 3510 942 3579; x_wconf 94' lang='lat' dir='ltr'><strong>in</strong></span> <span class='ocrx_word' id='word_1_181' title='bbox 967 3509 1058 3582; x_wconf 89' lang='lat' dir='ltr'><strong>vitiis</strong></span> <span class='ocrx_word' id='word_1_182' title='bbox 1088 3532 1200 3603; x_wconf 89' lang='lat' dir='ltr'><strong>neque</strong></span> 
     </span>
     <span class='ocr_line' id='line_1_25' title="bbox 136 3637 1202 3740; baseline -0.002 -28"><span class='ocrx_word' id='word_1_183' title='bbox 136 3643 242 3714; x_wconf 87' lang='lat' dir='ltr'><strong>hebes</strong></span> <span class='ocrx_word' id='word_1_184' title='bbox 264 3643 309 3712; x_wconf 85' lang='lat' dir='ltr'><strong>ad</strong></span> <span class='ocrx_word' id='word_1_185' title='bbox 333 3644 393 3734; x_wconf 89' lang='lat' dir='ltr'><strong>id,</strong></span> <span class='ocrx_word' id='word_1_186' title='bbox 418 3645 512 3740; x_wconf 92' lang='lat' dir='ltr'><strong>quod</strong></span> <span class='ocrx_word' id='word_1_187' title='bbox 535 3645 657 3715; x_wconf 85' lang='lat' dir='ltr'><strong>melius</strong></span> <span class='ocrx_word' id='word_1_188' title='bbox 680 3645 746 3733; x_wconf 85' lang='lat' dir='ltr'><strong>sit,</strong></span> <span class='ocrx_word' id='word_1_189' title='bbox 770 3639 1043 3733; x_wconf 84' lang='lat' dir='ltr'><strong>intelligendum.</strong></span> <span class='ocrx_word' id='word_1_190' title='bbox 1069 3637 1202 3710; x_wconf 88' lang='lat' dir='ltr'><strong>Deinde</strong></span> 
     </span>
     <span class='ocr_line' id='line_1_26' title="bbox 134 3768 1113 3862; baseline -0.003 -23"><span class='ocrx_word' id='word_1_191' title='bbox 134 3809 186 3820; x_wconf 90' lang='lat'>—</span> <span class='ocrx_word' id='word_1_192' title='bbox 210 3768 306 3862; x_wconf 88' lang='lat' dir='ltr'><strong>quod</strong></span> <span class='ocrx_word' id='word_1_193' title='bbox 330 3772 515 3840; x_wconf 82' lang='lat' dir='ltr'><strong>maximum</strong></span> <span class='ocrx_word' id='word_1_194' title='bbox 541 3782 592 3840; x_wconf 86' lang='lat' dir='ltr'><strong>est</strong></span> <span class='ocrx_word' id='word_1_195' title='bbox 615 3811 665 3824; x_wconf 89' lang='lat'>-</span> <span class='ocrx_word' id='word_1_196' title='bbox 689 3793 752 3861; x_wconf 80' lang='lat' dir='ltr'><strong>ego</strong></span> <span class='ocrx_word' id='word_1_197' title='bbox 776 3769 877 3840; x_wconf 90' lang='lat' dir='ltr'><strong>illum</strong></span> <span class='ocrx_word' id='word_1_198' title='bbox 903 3768 1003 3840; x_wconf 87' lang='lat' dir='ltr'><strong>valde</strong></span> <span class='ocrx_word' id='word_1_199' title='bbox 1028 3791 1113 3838; x_wconf 88' lang='lat' dir='ltr'><strong>amo.</strong></span> 
     </span>
    </p>
   </div>
   <div class='ocr_carea' id='block_1_8' title="bbox 132 3923 389 3944">
    <p class='ocr_par' dir='ltr' id='par_1_8' title="bbox 132 3923 389 3944">
     <span class='ocr_line' id='line_1_27' title="bbox 132 3923 389 3944; baseline 0.008 -2"><span class='ocrx_word' id='word_1_200' title='bbox 132 3923 389 3944; x_wconf 47' lang='lat' dir='ltr'><strong>‘Qu—u·—</strong></span> 
     </span>
    </p>
   </div>
   <div class='ocr_carea' id='block_1_9' title="bbox 127 4004 1202 4435">
    <p class='ocr_par' dir='ltr' id='par_1_9' title="bbox 127 4004 1202 4435">
     <span class='ocr_line' id='line_1_28' title="bbox 183 4004 1202 4080; baseline 0.002 -25"><span class='ocrx_word' id='word_1_201' title='bbox 183 4006 224 4073; x_wconf 83' lang='lat'><strong>(1)</strong></span> <span class='ocrx_word' id='word_1_202' title='bbox 234 4023 269 4055; x_wconf 71' lang='grc' dir='ltr'><strong><em>Ν</em></strong></span> <span class='ocrx_word' id='word_1_203' title='bbox 280 4007 436 4072; x_wconf 80' lang='lat' dir='ltr'><strong>affinitatem</strong></span> <span class='ocrx_word' id='word_1_204' title='bbox 451 4009 543 4060; x_wconf 83' lang='lat' dir='ltr'>Lamb.</span> <span class='ocrx_word' id='word_1_205' title='bbox 561 4010 645 4061; x_wconf 82' lang='lat' dir='ltr'><strong>Lucu.</strong></span> <span class='ocrx_word' id='word_1_206' title='bbox 665 4012 710 4080; x_wconf 90' lang='lat'><strong>(-</strong></span> <span class='ocrx_word' id='word_1_207' title='bbox 728 4010 775 4060; x_wconf 80' lang='lat' dir='ltr'><strong>tibi</strong></span> <span class='ocrx_word' id='word_1_208' title='bbox 790 4004 1202 4074; x_wconf 79' lang='lat' dir='ltr'><strong>mediusfidiascffinitatsCrat.)</strong></span> 
     </span>
     <span class='ocr_line' id='line_1_29' title="bbox 135 4093 1199 4165; baseline -0.001 -21"><span class='ocrx_word' id='word_1_209' title='bbox 135 4095 178 4162; x_wconf 62' lang='grc' dir='ltr'><strong>(Ἃ)</strong></span> <span class='ocrx_word' id='word_1_210' title='bbox 198 4094 244 4146; x_wconf 89' lang='lat' dir='ltr'><strong>Sic</strong></span> <span class='ocrx_word' id='word_1_211' title='bbox 260 4111 274 4144; x_wconf 88' lang='lat' dir='ltr'><strong>e</strong></span> <span class='ocrx_word' id='word_1_212' title='bbox 291 4093 327 4164; x_wconf 94' lang='grc' dir='ltr'><strong>Ε.</strong></span> <span class='ocrx_word' id='word_1_213' title='bbox 345 4095 447 4148; x_wconf 90' lang='lat' dir='ltr'><strong>Colucii</strong></span> <span class='ocrx_word' id='word_1_214' title='bbox 462 4098 569 4150; x_wconf 87' lang='lat' dir='ltr'><strong>Salutati</strong></span> <span class='ocrx_word' id='word_1_215' title='bbox 587 4099 730 4165; x_wconf 87' lang='lat' dir='ltr'><strong>eademque</strong></span> <span class='ocrx_word' id='word_1_216' title='bbox 746 4098 768 4148; x_wconf 93' lang='lat' dir='ltr'><strong>l.</strong></span> <span class='ocrx_word' id='word_1_217' title='bbox 785 4098 815 4148; x_wconf 85' lang='lat' dir='ltr'><strong>F.</strong></span> <span class='ocrx_word' id='word_1_218' title='bbox 833 4096 958 4148; x_wconf 81' lang='lat' dir='ltr'><strong>Gronorii</strong></span> <span class='ocrx_word' id='word_1_219' title='bbox 974 4095 1041 4146; x_wconf 78' lang='lat' dir='ltr'><strong>Vict.</strong></span> <span class='ocrx_word' id='word_1_220' title='bbox 1059 4096 1085 4146; x_wconf 76' lang='lat'><strong>2.</strong></span> <span class='ocrx_word' id='word_1_221' title='bbox 1103 4094 1199 4146; x_wconf 80' lang='lat' dir='ltr'><strong>Bensd.</strong></span> 
     </span>
     <span class='ocr_line' id='line_1_30' title="bbox 134 4182 1201 4240; baseline -0.003 -5"><span class='ocrx_word' id='word_1_222' title='bbox 134 4182 199 4235; x_wconf 73' lang='lat' dir='ltr'><strong>sch.</strong></span> <span class='ocrx_word' id='word_1_223' title='bbox 214 4212 250 4221; x_wconf 97' lang='lat'><em>-</em></span> <span class='ocrx_word' id='word_1_224' title='bbox 266 4189 329 4234; x_wconf 83' lang='lat' dir='ltr'><strong>suut</strong></span> <span class='ocrx_word' id='word_1_225' title='bbox 342 4186 373 4234; x_wconf 84' lang='lat' dir='ltr'><strong>ds</strong></span> <span class='ocrx_word' id='word_1_226' title='bbox 389 4202 470 4237; x_wconf 83' lang='lat' dir='ltr'><strong>causa</strong></span> <span class='ocrx_word' id='word_1_227' title='bbox 486 4188 651 4240; x_wconf 81' lang='lat' dir='ltr'><strong>lid.-eunt</strong></span> <span class='ocrx_word' id='word_1_228' title='bbox 666 4189 775 4239; x_wconf 80' lang='lat' dir='ltr'><strong>dscssrsa</strong></span> <span class='ocrx_word' id='word_1_229' title='bbox 786 4187 856 4239; x_wconf 86' lang='lat' dir='ltr'><strong>Crat.</strong></span> <span class='ocrx_word' id='word_1_230' title='bbox 872 4187 939 4238; x_wconf 85' lang='lat' dir='ltr'><strong>Vict.</strong></span> <span class='ocrx_word' id='word_1_231' title='bbox 958 4185 982 4235; x_wconf 87' lang='lat' dir='ltr'><strong>l.</strong></span> <span class='ocrx_word' id='word_1_232' title='bbox 1000 4185 1091 4236; x_wconf 87' lang='lat' dir='ltr'><strong>Lamb.</strong></span> <span class='ocrx_word' id='word_1_233' title='bbox 1107 4184 1201 4236; x_wconf 72' lang='lat' dir='ltr'><strong>Graes.</strong></span> 
     </span>
     <span class='ocr_line' id='line_1_31' title="bbox 127 4269 1200 4345; baseline -0.003 -19"><span class='ocrx_word' id='word_1_234' title='bbox 127 4275 191 4326; x_wconf 81' lang='lat' dir='ltr'><strong>Hrn.</strong></span> <span class='ocrx_word' id='word_1_235' title='bbox 232 4275 272 4342; x_wconf 84' lang='grc'><strong>(3)</strong></span> <span class='ocrx_word' id='word_1_236' title='bbox 297 4275 341 4326; x_wconf 90' lang='lat' dir='ltr'><strong>Sic</strong></span> <span class='ocrx_word' id='word_1_237' title='bbox 365 4275 414 4328; x_wconf 76' lang='lat' dir='ltr'><strong>tid.</strong></span> <span class='ocrx_word' id='word_1_238' title='bbox 436 4278 525 4345; x_wconf 76' lang='lat' dir='ltr'><strong>Antiq.</strong></span> <span class='ocrx_word' id='word_1_239' title='bbox 543 4276 613 4329; x_wconf 83' lang='lat' dir='ltr'><strong>Crat.</strong></span> <span class='ocrx_word' id='word_1_240' title='bbox 628 4277 695 4328; x_wconf 75' lang='lat' dir='ltr'><strong>viat.</strong></span> <span class='ocrx_word' id='word_1_241' title='bbox 716 4279 729 4327; x_wconf 90' lang='lat'>1</span> <span class='ocrx_word' id='word_1_242' title='bbox 749 4288 774 4328; x_wconf 85' lang='lat' dir='ltr'><strong>et</strong></span> <span class='ocrx_word' id='word_1_243' title='bbox 791 4277 815 4327; x_wconf 78' lang='lat'><strong>2.</strong></span> <span class='ocrx_word' id='word_1_244' title='bbox 831 4277 922 4328; x_wconf 79' lang='lat' dir='ltr'><strong>La&#39;mb.</strong></span> <span class='ocrx_word' id='word_1_245' title='bbox 937 4274 1082 4328; x_wconf 83' lang='lat' dir='ltr'><strong>Hened.-</strong></span> <span class='ocrx_word' id='word_1_246' title='bbox 1099 4269 1200 4337; x_wconf 75' lang='lat' dir='ltr'><strong>etpud·</strong></span> 
     </span>
     <span class='ocr_line' id='line_1_32' title="bbox 133 4363 485 4435; baseline 0 -20"><span class='ocrx_word' id='word_1_247' title='bbox 133 4364 219 4435; x_wconf 78' lang='lat' dir='ltr'><strong>Hesp.</strong></span> <span class='ocrx_word' id='word_1_248' title='bbox 236 4363 331 4416; x_wconf 77' lang='lat' dir='ltr'><strong>Graes.</strong></span> <span class='ocrx_word' id='word_1_249' title='bbox 346 4365 409 4418; x_wconf 78' lang='lat' dir='ltr'><strong>Hrn·</strong></span> <span class='ocrx_word' id='word_1_250' title='bbox 424 4365 485 4419; x_wconf 78' lang='lat' dir='ltr'><strong>Sela.</strong></span> 
     </span>
    </p>
   </div>
   <div class='ocr_carea' id='block_1_10' title="bbox 0 0 1523 5166">
    <p class='ocr_par' dir='ltr' id='par_1_10' title="bbox 0 0 1523 5166">
     <span class='ocr_line' id='line_1_33' title="bbox 0 0 1523 5166; baseline 0 0"><span class='ocrx_word' id='word_1_251' title='bbox 0 0 1523 5166; x_wconf 95' lang='lat' dir='ltr'><strong> </strong></span> 
     </span>
    </p>
   </div>
  </div>
 </body>
</html>
