3034 5166
631 390 671 449 91

90 627 171 676 core
209 604 361 697 coiigero.
398 600 418 641 ἱ
452 597 577 669 Geram
601 597 750 668 alterum
772 619 827 668 me
850 595 1055 668 catonem1.
1108 595 1172 664 Vos

92 733 274 806 dormitis:
320 752 384 799 nco
427 727 511 798 haec
544 724 681 795 adhuc²
731 723 815 793 mihi
852 723 1013 794 videmini
1048 721 1172 792 intelli·

92 885 199 956 gere,
241 882 310 951 qna
345 879 407 928 nos
441 865 619 948 pateamus
654 862 689 922 ct
724 865 819 946 qna³
854 845 958 922 sim'us
992 851 1168 928 imbecilli.

93 987 211 1083 Atque
247 986 313 1056 hoc
345 982 476 1054 nullius
509 982 650 1075 praemii
686 1004 748 1076 spo
785 980 924 1050 faciam:
956 979 1039 1069 sed,
1075 977 1169 1073 quod

91 1114 188 1212 opud
222 1133 277 1184 mo
309 1111 500 1206 plurimum
535 1111 622 1180 solet
655 1110 790 1198 valere,
826 1107 951 1180 doloris
983 1120 1088 1202 atque
1117 1110 1170 1178 in-

93 1242 297 1337 dignitativ
328 1225 440 1310 ciusa.
491 1236 584 1325 Quid
618 1237 694 1306 istic
732 1233 873 1306 facitis?
911 1236 1083 1331 proelium
1117 1257 1172 1306 cx-

95 1370 283 1466 spcctntis‚
321 1365 415 1460 quod
450 1365 682 1436 firmissimum
707 1362 843 1435 habet?
879 1366 1035 1436 Υοοὶιοο5
1058 1367 1172 1458 copias

94 1522 165 1570 non
201 1496 302 1568 novi:
335 1495 441 1565 nostri
476 1493 579 1563 valde
622 1494 820 1588 depugnans
854 1503 889 1562 ct
922 1494 1020 1570 facile
1058 1493 1171 1588 algere

95 1638 132 1696 ot
169 1625 299 1694 esurire
334 1634 539 1694 consuerunt
553 1637 578 1692 ⁰.
629 1622 721 1692 Vale.

134 1861 176 1930 (1)
193 1861 238 1912 Sic
253 1863 362 1930 scripsi,
383 1862 446 1912 dum
462 1862 569 1914 meliora
583 1866 753 1932 reperiantur.
792 1867 891 1916 Geram
905 1873 992 1914 autem
1010 1863 1143 1932 desumpsi
1157 1880 1171 1912 ο

105 1951 245 2020 praecedd.
258 1951 363 2020 syllabis
375 1968 457 2018 gero:
475 1952 588 2002 alterum
603 1970 643 2004 me
661 1953 784 2004 Catonem
800 1952 926 2003 divinavit
941 1953 963 2004 Ι.
976 1952 1006 2002 F.
1016 1951 1130 2004 Gronov.
1139 1979 1174 1989 -

98 2047 205 2106 coi'gcro
232 2045 413 2091 armntanum
437 2058 477 2091 me
503 2041 627 2092 Catonem
652 2042 703 2092 lld.
730 2040 797 2093 Cdd.
823 2042 907 2109 liegii.
936 2041 1025 2108 dntiq.
1045 2040 1126 2108 Beng.
1140 2069 1175 2084 —-

99 2136 217 2196 co'e'gero.
253 2132 341 2184 Alunt
357 2147 457 2183 annum
473 2148 513 2181 mc
533 2132 658 2183 Catonem
684 2129 782 2182 Bened.
797 2160 831 2172 -
850 2148 872 2180 ο.
893 2131 1060 2184 Mirabimini
1084 2131 1112 2180 in
1134 2146 1175 2181 me

102 2222 228 2271 Catonem
251 2218 410 2291 Oudendorp
432 2221 463 2270 ad
490 2222 598 2272 socon.
624 2221 696 2272 Caes·
720 2222 745 2271 1.
768 2239 828 2290 pag.
854 2221 880 2271 l.
900 2251 934 2260 -
957 2239 978 2272 ο.
1003 2221 1121 2272 Irriiovi
1144 2222 1173 2272 in

99 2325 138 2360 me
161 2310 288 2362 Catonem
297 2327 309 2369 ;
331 2309 421 2374 nulli,
442 2321 486 2360 aul
501 2315 578 2379 pravi
598 2313 737 2362 sententiis.
759 2310 827 2361 Υἱοὶ.
843 2310 900 2361 1“οὶ
916 2311 941 2361 2.
961 2308 1053 2360 Lami).
1078 2308 1171 2362 Graes.

98 2398 162 2450 Em.
177 2397 240 2450 Sch.
277 2399 317 2468 (2)
336 2416 425 2450 mnec
440 2401 525 2450 adhuc
540 2399 589 2451 lid.
605 2400 709 2451 mediol.
727 2401 790 2452 lirn.
805 2399 867 2452 seh.
905 2399 950 2471 (31
963 2400 1007 2452 Sic
1020 2399 1072 2450 ldd.
1087 2399 1170 2468 Neap.

97 2489 191 2558 Antiq.
215 2487 283 2539 Υἱοὶ.
307 2489 333 2538 2.
351 2488 442 2538 Lamb.
458 2488 556 2539 Bened.
574 2517 609 2532 —-
623 2505 846 2558 quamnquam
864 2489 933 2541 Crat.
947 2489 1016 2541 Υἱοὶ.
1032 2489 1056 2540 1.
1076 2487 1171 2540 Graes.

100 2577 165 2627 Em.
191 2575 253 2627 Sch.
299 2576 340 2644 (4)
359 2603 393 2620 ι-
410 2577 600 2642 indignationis
620 2579 712 2629 Lamb.
750 2579 789 2648 (5)
816 2579 895 2630 habel
917 2578 972 2630 scil·
1000 2577 1103 2630 Cacsar.
1128 2576 1173 2630 Sic

99 2667 201 2734 scripsi.
218 2695 253 2706 —
270 2667 341 2732 quod
355 2669 543 2734 firmissimum
567 2669 628 2719 hoec
653 2675 754 2720 vestras
771 2669 823 2719 lid.
839 2698 872 2708 -
889 2668 1173 2736 quodfirmiuimum?

101 2757 158 2807 Nec
178 2758 281 2804 vestras
302 2771 325 2804 c.
348 2772 401 2806 non
428 2759 491 2807 novi
517 2754 614 2808 Bencd.
630 2785 665 2798 -
679 2758 750 2825 quod
765 2759 952 2825 firmissimum
976 2759 1035 2806 est?
1064 2751 1174 2806 Vestras

98 2843 170 2896 Crat.
197 2838 265 2895 Υἱοὶ.
294 2844 309 2894 1
333 2854 360 2894 οὶ
381 2845 407 2895 2.
433 2845 524 2898 Lami).
552 2845 646 2898 Graes.
670 2847 733 2897 dm.
761 2847 822 2898 seh.
857 2846 909 2896 Hoc
931 2856 995 2895 staro
1019 2862 1072 2895 non
1095 2861 1170 2914 posse

96 2932 192 2983 vidons
214 2931 235 2982 l.
254 2931 283 2983 Υ.
300 2931 413 2984 Gronov.
427 2951 513 3004 susp-z
530 2955 565 2987 cv
581 2953 633 3004 quo
645 2937 818 3002 firmissimus
835 2939 873 2986 esi
886 2933 960 3004 prob.
976 2933 1043 2984 Loll.
1085 2932 1126 3000 (6)
1137 2962 1169 2971 -

98 3027 290 3074 concinnerunt
306 3021 376 3077 Crat.
395 3022 488 3076 Graes.
